ts,orderId,execType,side,price,lastQty,leaves
2025-07-24T03:38:08.1273233Z,58de3123-bf24-448f-8749-a5cfaa442c9d,Trade,Sell,20.01,2500,0
2025-07-24T03:38:08.1273233Z,85430915-c457-42f2-8896-a0b36ab45660,Trade,Sell,20.01,1088,1412
2025-07-24T03:38:08.1373233Z,f7d9a519-4c65-47a9-9083-7b0c5b8f779f,New,Buy,19.99,0,2109
2025-07-24T03:38:08.1473233Z,85430915-c457-42f2-8896-a0b36ab45660,Trade,Sell,20.01,1412,0
2025-07-24T03:38:08.1473233Z,0430e783-0f4a-4a08-b397-56d21168588d,Trade,Sell,20.01,755,333
2025-07-24T03:38:08.1573233Z,0430e783-0f4a-4a08-b397-56d21168588d,Trade,Sell,20.01,270,63
2025-07-24T03:38:08.1673233Z,38ea5d67-66a6-40cf-9670-2bfaa4f46e59,Trade,Sell,20.01,359,1808
2025-07-24T03:38:08.1773233Z,6ccf37e5-5be4-4f4b-afc4-d10cb5cd9438,New,Buy,20.00,0,2741
2025-07-24T03:38:08.1873233Z,b26b6393-75c7-4ad5-b637-299c164b6d47,New,Buy,20.01,0,646
2025-07-24T03:38:08.1973233Z,cc404da3-238d-420e-a3a9-0bd162b4ee10,Trade,Sell,20.02,1178,974
2025-07-24T03:38:08.2073233Z,cc404da3-238d-420e-a3a9-0bd162b4ee10,Trade,Sell,20.02,974,0
2025-07-24T03:38:08.2073233Z,800ab437-8335-4fa8-929e-d6ce4441a2c3,Trade,Sell,20.03,2500,0
2025-07-24T03:38:08.2073233Z,21e3f417-6c39-4798-8c2f-1433e10094fc,Trade,Sell,20.03,1852,0
2025-07-24T03:38:08.2073233Z,53832b2d-03ec-4271-a900-099a7ac90df2,Trade,Sell,20.04,2152,0
2025-07-24T03:38:08.2073233Z,4fa5c0b3-f034-47b5-824d-e3c9c3ba3ba8,Trade,Sell,20.04,1594,0
2025-07-24T03:38:08.2073233Z,f727f87c-fb8d-4f84-8f61-a83f7a9eccff,Trade,Sell,20.05,644,1208
2025-07-24T03:38:08.2173233Z,707402b0-e205-4819-9324-80910cee7bea,New,Buy,20.02,0,1391
2025-07-24T03:38:08.2273233Z,f150b319-75c4-42ec-9a91-4cf7a9f29707,Trade,Sell,20.04,326,2174
2025-07-24T03:38:08.2273233Z,0838c8d1-68b1-4267-bdfe-f882affabf27,Cancel,Sell,20.08,0,0
2025-07-24T03:38:08.2373233Z,319d4c1e-c15b-4e2a-bdf0-ac6c8d065395,New,Buy,20.03,0,1507
2025-07-24T03:38:08.2473233Z,978cda80-3328-43e5-b743-24100ad2334b,New,Buy,20.03,0,213
2025-07-24T03:38:08.2573233Z,319d4c1e-c15b-4e2a-bdf0-ac6c8d065395,Trade,Buy,20.03,1507,0
2025-07-24T03:38:08.2573233Z,978cda80-3328-43e5-b743-24100ad2334b,Trade,Buy,20.03,213,0
2025-07-24T03:38:08.2573233Z,bd9f7616-b1ff-4c7a-8dce-d508692a9a4a,Trade,Buy,20.03,41,2459
2025-07-24T03:38:08.2673233Z,be830465-a4be-4fe4-949c-40fc4fff366d,New,Buy,20.03,0,112
2025-07-24T03:38:08.2773233Z,c6cdd495-a0b6-4ba4-9d9b-fa29d95d19fd,New,Sell,20.05,0,2108
2025-07-24T03:38:08.2873233Z,f7d99071-3020-441a-a8a1-35621a66a0f0,New,Sell,20.06,0,220
2025-07-24T03:38:08.2973233Z,dc36f2d3-f997-436b-b3db-a8cb8238945a,Trade,Sell,20.05,2500,0
2025-07-24T03:38:08.2973233Z,93f81521-817e-4026-82ad-8fe9fe1bfb27,Trade,Sell,20.05,273,1099
2025-07-24T03:38:08.3073233Z,c6cdd495-a0b6-4ba4-9d9b-fa29d95d19fd,Trade,Sell,20.05,466,1642
2025-07-24T03:38:08.3173233Z,deb2781b-664d-4300-9c03-a0efa667d150,New,Buy,20.02,0,1264
2025-07-24T03:38:08.3273233Z,1f3e6ba4-f4a2-4e59-892e-5b0bed383c6c,New,Sell,20.04,0,2065
2025-07-24T03:38:08.3273233Z,5ed9028e-6513-4e2d-a184-b98588f02a58,Cancel,Buy,19.96,0,0
2025-07-24T03:38:08.3373233Z,f4a53b8a-fc4c-41ad-81b3-9a5f27eee048,New,Sell,20.06,0,624
2025-07-24T03:38:08.3373233Z,152318c9-4d41-41de-ba66-a026d5d88087,Cancel,Buy,19.94,0,0
2025-07-24T03:38:08.3473233Z,5f0b2257-30db-4351-b0bf-0efecefdb68e,New,Sell,20.04,0,1475
2025-07-24T03:38:08.3573233Z,1f3e6ba4-f4a2-4e59-892e-5b0bed383c6c,Trade,Sell,20.04,453,1612
2025-07-24T03:38:08.3573233Z,a2ec50fe-d9f0-48df-8022-6f7c82285121,Cancel,Buy,19.91,0,0
2025-07-24T03:38:08.3673233Z,5f0b2257-30db-4351-b0bf-0efecefdb68e,Trade,Sell,20.04,1205,270
2025-07-24T03:38:08.3773233Z,1f3e6ba4-f4a2-4e59-892e-5b0bed383c6c,Trade,Sell,20.04,258,1354
2025-07-24T03:38:08.3873233Z,6ed44c2b-2570-4a24-8aa8-6e651e75d799,New,Sell,20.06,0,1302
2025-07-24T03:38:08.3973233Z,5f0b2257-30db-4351-b0bf-0efecefdb68e,Trade,Sell,20.04,270,0
2025-07-24T03:38:08.3973233Z,1f3e6ba4-f4a2-4e59-892e-5b0bed383c6c,Trade,Sell,20.04,1354,0
2025-07-24T03:38:08.3973233Z,a7945c7b-512b-4db5-9924-35f033bee389,Trade,Sell,20.05,2483,17
2025-07-24T03:38:08.4073233Z,638bfe96-8896-4a59-a1a9-a3e77575c1d5,New,Sell,20.04,0,337
2025-07-24T03:38:08.4073233Z,1d4a7f81-091d-427d-a25f-d1d85fda2f7d,Cancel,Buy,19.96,0,0
2025-07-24T03:38:08.4173233Z,638bfe96-8896-4a59-a1a9-a3e77575c1d5,Trade,Sell,20.04,58,279
2025-07-24T03:38:08.4273233Z,99f52d9a-fe5f-4755-992f-f952f7d5438d,New,Buy,20.02,0,1756
2025-07-24T03:38:08.4273233Z,2535c6f1-a454-460f-b323-cd53565401e8,Cancel,Sell,20.14,0,0
2025-07-24T03:38:08.4373233Z,fbd24619-b4b6-4e3d-b9d1-00aebf2d00da,New,Buy,20.03,0,2222
2025-07-24T03:38:08.4473233Z,638bfe96-8896-4a59-a1a9-a3e77575c1d5,Trade,Sell,20.04,279,0
2025-07-24T03:38:08.4473233Z,f0b98fef-a3fd-4336-8cb0-5ccc69cdefd4,Trade,Sell,20.05,955,1545
2025-07-24T03:38:08.4473233Z,be830465-a4be-4fe4-949c-40fc4fff366d,Cancel,Buy,20.03,0,0
2025-07-24T03:38:08.4573233Z,fbd24619-b4b6-4e3d-b9d1-00aebf2d00da,Trade,Buy,20.03,923,1299
2025-07-24T03:38:08.4673233Z,fbd24619-b4b6-4e3d-b9d1-00aebf2d00da,Trade,Buy,20.03,747,552
2025-07-24T03:38:08.4773233Z,de7a3f4f-9548-446c-90ac-a355f88083eb,Trade,Sell,20.05,349,2151
2025-07-24T03:38:08.4873233Z,30768574-33a6-4783-81dd-e5fdfb888aad,Trade,Sell,20.05,500,2000
2025-07-24T03:38:08.4973233Z,5b40ba46-483f-415d-87ed-dd9e6e455ce0,New,Sell,20.05,0,1348
2025-07-24T03:38:08.5073233Z,216f26e9-9a03-4f9c-9d01-2470b82eb377,New,Buy,20.03,0,667
2025-07-24T03:38:08.5073233Z,1b71f7dd-d320-492c-bab6-b9b5c79a1185,Cancel,Buy,19.99,0,0
2025-07-24T03:38:08.5173233Z,b254db15-a521-4090-99ee-6e131c7d5904,Trade,Sell,20.05,737,1763
2025-07-24T03:38:08.5273233Z,fbd24619-b4b6-4e3d-b9d1-00aebf2d00da,Trade,Buy,20.03,511,41
2025-07-24T03:38:08.5373233Z,200fe223-66d6-4969-8cf0-0fe9305c3841,Trade,Sell,20.05,2500,0
2025-07-24T03:38:08.5373233Z,93f81521-817e-4026-82ad-8fe9fe1bfb27,Trade,Sell,20.05,1099,0
2025-07-24T03:38:08.5373233Z,c6cdd495-a0b6-4ba4-9d9b-fa29d95d19fd,Trade,Sell,20.05,1570,72
2025-07-24T03:38:08.5373233Z,6c6218a7-0840-4ff0-8cab-f9b942151709,Cancel,Buy,19.97,0,0
2025-07-24T03:38:08.5473233Z,7c2ce960-c517-430a-b7a2-135f826e960c,New,Buy,20.03,0,5022
2025-07-24T03:38:08.5573233Z,216f26e9-9a03-4f9c-9d01-2470b82eb377,Trade,Buy,20.03,667,0
2025-07-24T03:38:08.5573233Z,fbd24619-b4b6-4e3d-b9d1-00aebf2d00da,Trade,Buy,20.03,41,0
2025-07-24T03:38:08.5573233Z,3996d054-cf4c-40d2-9d2c-78df1ed6b383,Trade,Buy,20.03,2500,0
2025-07-24T03:38:08.5573233Z,7c2ce960-c517-430a-b7a2-135f826e960c,Trade,Buy,20.03,392,4630
2025-07-24T03:38:08.5673233Z,7b446574-092d-41a0-af37-1f7eb3e715d9,New,Buy,20.02,0,1490
2025-07-24T03:38:08.5773233Z,7c2ce960-c517-430a-b7a2-135f826e960c,Trade,Buy,20.03,1334,3296
2025-07-24T03:38:08.5873233Z,4860189a-8f6e-42de-907e-d283e6d7114f,New,Sell,20.05,0,79
2025-07-24T03:38:08.5973233Z,da42a720-f41c-4503-ba0a-47efb6a3b5e8,New,Buy,20.03,0,136
2025-07-24T03:38:08.6073233Z,5b40ba46-483f-415d-87ed-dd9e6e455ce0,Trade,Sell,20.05,1348,0
2025-07-24T03:38:08.6073233Z,c6cdd495-a0b6-4ba4-9d9b-fa29d95d19fd,Trade,Sell,20.05,72,0
2025-07-24T03:38:08.6073233Z,32ecbb69-bf6f-4e46-bcd0-af45b8807bf1,Trade,Sell,20.05,550,1950
2025-07-24T03:38:08.6173233Z,41edcd76-0ba0-44bd-828e-c6aa76596303,New,Buy,20.04,0,1236
2025-07-24T03:38:08.6273233Z,b03764f7-02ea-4995-bfc7-004515f85529,New,Sell,20.06,0,3213
2025-07-24T03:38:08.6373233Z,403a10ee-5e51-4066-8cb0-324ba7298a94,New,Buy,20.02,0,198
2025-07-24T03:38:08.6473233Z,41edcd76-0ba0-44bd-828e-c6aa76596303,Trade,Buy,20.04,875,361
2025-07-24T03:38:08.6573233Z,815912fc-62da-458d-ab55-58d41cef2c43,New,Buy,20.04,0,9927
2025-07-24T03:38:08.6673233Z,510489eb-a9ec-4946-ac6e-930d04b117be,New,Sell,20.09,0,180
2025-07-24T03:38:08.6773233Z,2b13f6d0-6725-4be0-ad44-d8ceb6ebf16a,New,Sell,20.06,0,280
2025-07-24T03:38:08.6773233Z,815912fc-62da-458d-ab55-58d41cef2c43,Cancel,Buy,20.04,0,0
2025-07-24T03:38:08.6873233Z,41edcd76-0ba0-44bd-828e-c6aa76596303,Trade,Buy,20.04,361,0
2025-07-24T03:38:08.6873233Z,c551487c-09ab-45a9-a33f-87bfaf32b034,Trade,Buy,20.04,2500,0
2025-07-24T03:38:08.6873233Z,7c2ce960-c517-430a-b7a2-135f826e960c,Trade,Buy,20.03,709,2587
2025-07-24T03:38:08.6873233Z,b03764f7-02ea-4995-bfc7-004515f85529,Cancel,Sell,20.06,0,0
2025-07-24T03:38:08.6973233Z,2ad74a06-91bb-40cf-b98f-547a508868f5,New,Sell,20.05,0,3709
2025-07-24T03:38:08.7073233Z,b104a35b-837f-4120-beb8-bb9dceeeae25,New,Buy,20.03,0,1325
2025-07-24T03:38:08.7073233Z,b1149028-fa71-4a1c-8513-faeb5a9e4f48,Cancel,Buy,19.98,0,0
2025-07-24T03:38:08.7173233Z,7a59cc12-0a5b-439e-80f1-f3e4465a55af,New,Sell,20.06,0,1750
2025-07-24T03:38:08.7173233Z,21a21c66-dd63-4e68-9fa8-cde2526123d6,Cancel,Sell,20.07,0,0
2025-07-24T03:38:08.7273233Z,884d1311-56b5-4384-9703-cc5807b2db66,New,Sell,20.04,0,53
2025-07-24T03:38:08.7373233Z,884d1311-56b5-4384-9703-cc5807b2db66,Trade,Sell,20.04,53,0
2025-07-24T03:38:08.7373233Z,cb31446f-8a1a-4a19-9d11-4f5fc96b3af9,Trade,Sell,20.05,650,1850
2025-07-24T03:38:08.7473233Z,da42a720-f41c-4503-ba0a-47efb6a3b5e8,Trade,Buy,20.03,136,0
2025-07-24T03:38:08.7473233Z,7c2ce960-c517-430a-b7a2-135f826e960c,Trade,Buy,20.03,957,1630
2025-07-24T03:38:08.7573233Z,b104a35b-837f-4120-beb8-bb9dceeeae25,Trade,Buy,20.03,1325,0
2025-07-24T03:38:08.7573233Z,7c2ce960-c517-430a-b7a2-135f826e960c,Trade,Buy,20.03,1630,0
2025-07-24T03:38:08.7573233Z,02468169-8046-4ff6-9e0e-a56ab4d4dfc8,Trade,Buy,20.03,2500,0
2025-07-24T03:38:08.7573233Z,707402b0-e205-4819-9324-80910cee7bea,Trade,Buy,20.02,1391,0
2025-07-24T03:38:08.7573233Z,deb2781b-664d-4300-9c03-a0efa667d150,Trade,Buy,20.02,751,513
2025-07-24T03:38:08.7673233Z,349021ca-bde7-4ea1-bc3d-dc905b1afafb,Trade,Buy,20.02,482,2018
2025-07-24T03:38:08.7773233Z,1d29a888-56aa-4bb1-b74d-a6983a9287e2,New,Buy,20.03,0,6179
2025-07-24T03:38:08.7873233Z,1d29a888-56aa-4bb1-b74d-a6983a9287e2,Trade,Buy,20.03,1675,4504
2025-07-24T03:38:08.7973233Z,4b3caf76-69ab-4446-a396-36341ebed615,New,Sell,20.05,0,3418
2025-07-24T03:38:08.8073233Z,7d008c9b-5a1d-4e33-8696-ed1e862ad12e,New,Buy,20.03,0,1441
2025-07-24T03:38:08.8073233Z,a07fb8e0-fb96-4ddc-83ee-d7f4863a61e2,Cancel,Buy,20.01,0,0
2025-07-24T03:38:08.8173233Z,1d29a888-56aa-4bb1-b74d-a6983a9287e2,Trade,Buy,20.03,824,3680
2025-07-24T03:38:08.8173233Z,34b03799-bc63-430c-a584-314070f10cc5,Cancel,Sell,20.05,0,0
2025-07-24T03:38:08.8273233Z,573b859b-7c61-4567-9921-9f9406c08493,New,Sell,20.06,0,6070
2025-07-24T03:38:08.8373233Z,0bd6ad3a-af7c-445d-8cac-2044c69f24a5,New,Sell,20.04,0,150
2025-07-24T03:38:08.8473233Z,0bd6ad3a-af7c-445d-8cac-2044c69f24a5,Trade,Sell,20.04,150,0
2025-07-24T03:38:08.8473233Z,9df0f667-544d-49a1-885c-9c31a1e3f5a7,Trade,Sell,20.05,1263,1237
2025-07-24T03:38:08.8573233Z,7d008c9b-5a1d-4e33-8696-ed1e862ad12e,Trade,Buy,20.03,598,843
2025-07-24T03:38:08.8673233Z,aa976dac-d49f-4028-b6c8-a52113380686,Trade,Sell,20.05,454,2046
2025-07-24T03:38:08.8673233Z,4860189a-8f6e-42de-907e-d283e6d7114f,Cancel,Sell,20.05,0,0
2025-07-24T03:38:08.8773233Z,369e5509-c018-4778-a927-bc195f76c92b,New,Sell,20.05,0,1443
2025-07-24T03:38:08.8873233Z,af3b6505-065a-43ec-873e-25d319cd8c95,Trade,Sell,20.05,2500,0
2025-07-24T03:38:08.8873233Z,2ad74a06-91bb-40cf-b98f-547a508868f5,Trade,Sell,20.05,3709,0
2025-07-24T03:38:08.8873233Z,4b3caf76-69ab-4446-a396-36341ebed615,Trade,Sell,20.05,310,3108
2025-07-24T03:38:08.8973233Z,1d29a888-56aa-4bb1-b74d-a6983a9287e2,Trade,Buy,20.03,231,3449
2025-07-24T03:38:08.9073233Z,7d008c9b-5a1d-4e33-8696-ed1e862ad12e,Trade,Buy,20.03,441,402
2025-07-24T03:38:08.9173233Z,992f6316-8fc3-4d74-a98e-03c478766094,New,Sell,20.06,0,1076
2025-07-24T03:38:08.9273233Z,8f3a7ede-98a3-468e-bd82-9b224d3b5694,New,Sell,20.05,0,3492
2025-07-24T03:38:08.9373233Z,369e5509-c018-4778-a927-bc195f76c92b,Trade,Sell,20.05,1443,0
2025-07-24T03:38:08.9373233Z,4b3caf76-69ab-4446-a396-36341ebed615,Trade,Sell,20.05,599,2509
2025-07-24T03:38:08.9473233Z,b9eed2c6-e76f-4117-a793-77e417b1e61d,Trade,Buy,20.03,333,2167
2025-07-24T03:38:08.9573233Z,1d29a888-56aa-4bb1-b74d-a6983a9287e2,Trade,Buy,20.03,3449,0
2025-07-24T03:38:08.9573233Z,7d008c9b-5a1d-4e33-8696-ed1e862ad12e,Trade,Buy,20.03,402,0
2025-07-24T03:38:08.9573233Z,b9eed2c6-e76f-4117-a793-77e417b1e61d,Trade,Buy,20.03,2167,0
2025-07-24T03:38:08.9573233Z,6e5b62e6-224c-42fe-bd7d-21a6cbe3ce67,Trade,Buy,20.03,333,0
2025-07-24T03:38:08.9573233Z,7b446574-092d-41a0-af37-1f7eb3e715d9,Trade,Buy,20.02,494,996
2025-07-24T03:38:08.9573233Z,99f52d9a-fe5f-4755-992f-f952f7d5438d,Cancel,Buy,20.02,0,0
2025-07-24T03:38:08.9673233Z,4ea03412-a1d3-4452-b67b-64885e9711d3,New,Sell,20.05,0,1645
2025-07-24T03:38:08.9773233Z,a7469e7c-2c07-4fef-8f2c-11663ce1fa06,Trade,Sell,20.05,452,2048
2025-07-24T03:38:08.9773233Z,557d2100-0721-47f7-b5fe-fba68921075d,Cancel,Sell,20.06,0,0
2025-07-24T03:38:08.9873233Z,708b47f1-61a2-44e8-9d38-f3d3026e0fb6,Trade,Buy,20.03,197,2303
2025-07-24T03:38:08.9973233Z,9794302b-3868-4a81-9284-01bdaf3fd97d,New,Sell,20.05,0,142
2025-07-24T03:38:09.0073233Z,ae58002a-2a5d-49a7-bebb-2d3536451007,New,Sell,20.04,0,477
2025-07-24T03:38:09.0073233Z,7b446574-092d-41a0-af37-1f7eb3e715d9,Cancel,Buy,20.02,0,0
2025-07-24T03:38:09.0173233Z,ae58002a-2a5d-49a7-bebb-2d3536451007,Trade,Sell,20.04,342,135
2025-07-24T03:38:09.0273233Z,a8bdbe80-6505-413b-86b7-4549e1573765,Trade,Buy,20.02,231,2269
2025-07-24T03:38:09.0373233Z,ae58002a-2a5d-49a7-bebb-2d3536451007,Trade,Sell,20.04,135,0
2025-07-24T03:38:09.0373233Z,eb319062-9b44-4530-abdf-c9d273214704,Trade,Sell,20.04,1820,680
2025-07-24T03:38:09.0473233Z,3703bf43-e336-48d3-ab51-ce2e161e9304,New,Sell,20.05,0,3007
2025-07-24T03:38:09.0573233Z,eb319062-9b44-4530-abdf-c9d273214704,Trade,Sell,20.04,680,0
2025-07-24T03:38:09.0573233Z,cf8e1366-eaae-470b-944b-7be4fe9cc77b,Trade,Sell,20.04,1792,28
2025-07-24T03:38:09.0673233Z,ca3de1d2-78d3-41c8-95cf-c365e6a7e15e,New,Buy,20.02,0,4030
2025-07-24T03:38:09.0673233Z,ae628788-487a-4bbd-8fa6-4392c91e6c27,Cancel,Buy,19.94,0,0
2025-07-24T03:38:09.0773233Z,1b701c53-b7bb-49d7-a129-22df25b9a8d8,New,Buy,20.02,0,929
2025-07-24T03:38:09.0873233Z,1734f2ca-87df-48f0-96bf-db0125b3447f,New,Sell,20.03,0,398
2025-07-24T03:38:09.0973233Z,8ec8ba19-8db5-4c15-b788-56a46427dc6a,New,Buy,20.02,0,4620
2025-07-24T03:38:09.1073233Z,66e712bc-07f7-4791-8430-2329688afd2e,New,Sell,20.03,0,1622
2025-07-24T03:38:09.1073233Z,5532c2f0-5f3e-46a8-9e27-be866b608b77,Cancel,Sell,20.06,0,0
2025-07-24T03:38:09.1173233Z,e5fd9d3a-3d23-493f-b9e8-ee4e7e71fda2,New,Buy,20.02,0,1316
2025-07-24T03:38:09.1273233Z,1734f2ca-87df-48f0-96bf-db0125b3447f,Trade,Sell,20.03,398,0
2025-07-24T03:38:09.1273233Z,66e712bc-07f7-4791-8430-2329688afd2e,Trade,Sell,20.03,80,1542
2025-07-24T03:38:09.1373233Z,66e712bc-07f7-4791-8430-2329688afd2e,Trade,Sell,20.03,267,1275
2025-07-24T03:38:09.1473233Z,403a10ee-5e51-4066-8cb0-324ba7298a94,Trade,Buy,20.02,198,0
2025-07-24T03:38:09.1473233Z,deb2781b-664d-4300-9c03-a0efa667d150,Trade,Buy,20.02,513,0
2025-07-24T03:38:09.1473233Z,ca3de1d2-78d3-41c8-95cf-c365e6a7e15e,Trade,Buy,20.02,1830,2200
2025-07-24T03:38:09.1573233Z,66e712bc-07f7-4791-8430-2329688afd2e,Trade,Sell,20.03,1275,0
2025-07-24T03:38:09.1573233Z,9fcd8923-21a1-4d72-b072-ec767a6a463a,Trade,Sell,20.04,380,2120
2025-07-24T03:38:09.1673233Z,811f0121-9a6c-484c-858c-fe6d84de0bc5,New,Buy,20.03,0,1453
2025-07-24T03:38:09.1773233Z,811f0121-9a6c-484c-858c-fe6d84de0bc5,Trade,Buy,20.03,1453,0
2025-07-24T03:38:09.1773233Z,fc6f4ac1-02a4-4f46-aed8-ac21aaf96391,Trade,Buy,20.02,2500,0
2025-07-24T03:38:09.1773233Z,1b701c53-b7bb-49d7-a129-22df25b9a8d8,Trade,Buy,20.02,929,0
2025-07-24T03:38:09.1773233Z,8ec8ba19-8db5-4c15-b788-56a46427dc6a,Trade,Buy,20.02,1719,2901
2025-07-24T03:38:09.1773233Z,ca3de1d2-78d3-41c8-95cf-c365e6a7e15e,Cancel,Buy,20.02,0,0
2025-07-24T03:38:09.1873233Z,372444ca-a8a8-4c04-a67a-f3341fa68a10,Trade,Buy,20.02,2500,0
2025-07-24T03:38:09.1873233Z,e5fd9d3a-3d23-493f-b9e8-ee4e7e71fda2,Trade,Buy,20.02,1316,0
2025-07-24T03:38:09.1873233Z,8ec8ba19-8db5-4c15-b788-56a46427dc6a,Trade,Buy,20.02,2901,0
2025-07-24T03:38:09.1873233Z,75bc1f77-1b3c-48b7-a42f-025019a13c3a,Trade,Buy,20.01,206,1946
2025-07-24T03:38:09.1973233Z,d26b3dce-1c6a-4d40-9549-ccd121405d51,New,Sell,20.04,0,3239
2025-07-24T03:38:09.1973233Z,6ed44c2b-2570-4a24-8aa8-6e651e75d799,Cancel,Sell,20.06,0,0
2025-07-24T03:38:09.2073233Z,14276d02-7648-4daf-9f07-b274ad1f14a0,New,Sell,20.04,0,440
2025-07-24T03:38:09.2173233Z,48a9d1af-bbd3-44e1-af66-fe1eeb8f1af0,Trade,Buy,20.02,98,2402
2025-07-24T03:38:09.2173233Z,2b13f6d0-6725-4be0-ad44-d8ceb6ebf16a,Cancel,Sell,20.06,0,0
2025-07-24T03:38:09.2273233Z,48a9d1af-bbd3-44e1-af66-fe1eeb8f1af0,Trade,Buy,20.02,756,1646
2025-07-24T03:38:09.2273233Z,6de43645-68d0-42ce-9792-6fca95b8290b,Cancel,Buy,19.90,0,0
2025-07-24T03:38:09.2373233Z,82ae3b15-ceee-468f-9ec4-31c4d1d8d214,Trade,Buy,20.02,98,0
2025-07-24T03:38:09.2373233Z,48a9d1af-bbd3-44e1-af66-fe1eeb8f1af0,Trade,Buy,20.02,1646,0
2025-07-24T03:38:09.2373233Z,50c4c7eb-7314-4b70-9918-c4dfb8b8064d,Trade,Buy,20.02,756,0
2025-07-24T03:38:09.2373233Z,b26b6393-75c7-4ad5-b637-299c164b6d47,Trade,Buy,20.01,646,0
2025-07-24T03:38:09.2373233Z,e08b17f4-61f8-427c-84c6-6d866959c15a,Trade,Buy,20.01,2152,0
2025-07-24T03:38:09.2373233Z,6ccf37e5-5be4-4f4b-afc4-d10cb5cd9438,Trade,Buy,20.00,938,1803
2025-07-24T03:38:09.2473233Z,a593d8da-1513-48d7-b49c-8148603fbfb5,Trade,Buy,20.01,388,2112
2025-07-24T03:38:09.2573233Z,a593d8da-1513-48d7-b49c-8148603fbfb5,Trade,Buy,20.01,851,1261
2025-07-24T03:38:09.2573233Z,90547dc2-44c5-454f-923e-70eb70bdb67f,Cancel,Buy,19.94,0,0
2025-07-24T03:38:09.2673233Z,080c16f8-d547-4a19-b0c1-7210d3195dd2,New,Sell,20.03,0,862
2025-07-24T03:38:09.2773233Z,711561e5-f7a1-4b1a-850a-69bbba308157,New,Sell,20.02,0,539
2025-07-24T03:38:09.2873233Z,b16ac250-675e-48f1-a601-8ffc2eeb722f,New,Sell,20.04,0,903
2025-07-24T03:38:09.2873233Z,3258f879-9517-49a9-b8e8-92e294d6bacc,Cancel,Buy,19.94,0,0
2025-07-24T03:38:09.2973233Z,711561e5-f7a1-4b1a-850a-69bbba308157,Trade,Sell,20.02,539,0
2025-07-24T03:38:09.2973233Z,8f9c572b-e29a-4bd7-a576-51058be524f1,Trade,Sell,20.02,1408,1092
2025-07-24T03:38:09.3073233Z,116673dd-6636-4a55-8725-8be327a50ba3,Trade,Buy,20.00,881,1619
2025-07-24T03:38:09.3173233Z,2155dc6a-bf41-4c61-a88b-b5f8c41ea1ba,New,Sell,20.02,0,2201
2025-07-24T03:38:09.3173233Z,8f3a7ede-98a3-468e-bd82-9b224d3b5694,Cancel,Sell,20.05,0,0
2025-07-24T03:38:09.3273233Z,a6fbc26e-549b-47d0-bd84-d21846a6f1dd,New,Sell,20.02,0,469
2025-07-24T03:38:09.3373233Z,ec4212f4-8867-415a-a971-2a4032e85fd8,New,Sell,20.03,0,629
2025-07-24T03:38:09.3473233Z,2155dc6a-bf41-4c61-a88b-b5f8c41ea1ba,Trade,Sell,20.02,2201,0
2025-07-24T03:38:09.3473233Z,a6fbc26e-549b-47d0-bd84-d21846a6f1dd,Trade,Sell,20.02,469,0
2025-07-24T03:38:09.3473233Z,8b22be2e-07ef-49ba-9307-509c9e095b07,Trade,Sell,20.02,1901,599
2025-07-24T03:38:09.3473233Z,3703bf43-e336-48d3-ab51-ce2e161e9304,Cancel,Sell,20.05,0,0
2025-07-24T03:38:09.3573233Z,e5906cdb-f269-4a2f-af04-3d6a02997f56,New,Buy,20.01,0,180
2025-07-24T03:38:09.3673233Z,e5906cdb-f269-4a2f-af04-3d6a02997f56,Trade,Buy,20.01,180,0
2025-07-24T03:38:09.3673233Z,89ba9185-15f1-4571-9ae4-6e95a6cf896d,Trade,Buy,20.01,528,1972
2025-07-24T03:38:09.3773233Z,ab6e1723-6feb-42a1-8f8d-57206dc66755,Trade,Sell,20.03,74,2426
2025-07-24T03:38:09.3873233Z,89ba9185-15f1-4571-9ae4-6e95a6cf896d,Trade,Buy,20.01,1972,0
2025-07-24T03:38:09.3873233Z,8b2e3cb5-1d50-4ed0-9148-d65686d78752,Trade,Buy,20.01,528,0
2025-07-24T03:38:09.3873233Z,6ccf37e5-5be4-4f4b-afc4-d10cb5cd9438,Trade,Buy,20.00,811,992
2025-07-24T03:38:09.3973233Z,1219cfd9-1262-4c02-bf00-5a3d7aa0cc0d,New,Sell,20.02,0,3063
2025-07-24T03:38:09.4073233Z,1219cfd9-1262-4c02-bf00-5a3d7aa0cc0d,Trade,Sell,20.02,298,2765
2025-07-24T03:38:09.4173233Z,ddbe67d3-eaf1-4459-977a-0c840c77db4d,Trade,Buy,20.00,2500,0
2025-07-24T03:38:09.4173233Z,6ccf37e5-5be4-4f4b-afc4-d10cb5cd9438,Trade,Buy,20.00,992,0
2025-07-24T03:38:09.4173233Z,a581b4d3-f892-44de-907c-232e68611d10,Trade,Buy,19.99,2152,0
2025-07-24T03:38:09.4173233Z,f7d9a519-4c65-47a9-9083-7b0c5b8f779f,Trade,Buy,19.99,1103,1006
2025-07-24T03:38:09.4273233Z,21f95abf-95fc-44af-af95-446104c76de8,New,Sell,20.01,0,885
2025-07-24T03:38:09.4373233Z,297445b4-6afb-4c30-a3bb-e4011f027970,New,Sell,20.01,0,1188
2025-07-24T03:38:09.4473233Z,ce1e5b50-313e-4bc1-ae3d-ba6880127f03,New,Buy,19.99,0,564
2025-07-24T03:38:09.4473233Z,1fa330ca-be81-4f44-8d90-989a5b7ad11f,Cancel,Buy,19.95,0,0
2025-07-24T03:38:09.4573233Z,21f95abf-95fc-44af-af95-446104c76de8,Trade,Sell,20.01,508,377
2025-07-24T03:38:09.4673233Z,297445b4-6afb-4c30-a3bb-e4011f027970,Trade,Sell,20.01,1188,0
2025-07-24T03:38:09.4673233Z,21f95abf-95fc-44af-af95-446104c76de8,Trade,Sell,20.01,377,0
2025-07-24T03:38:09.4673233Z,a5d8b57b-c616-4759-b7d5-9fbafbe72a32,Trade,Sell,20.01,2276,224
2025-07-24T03:38:09.4773233Z,b27d00e7-1dc1-49e8-9c0f-5d52b3091a1b,New,Buy,19.99,0,1623
2025-07-24T03:38:09.4873233Z,33749aa1-0ec8-456e-8f88-81664dcefc09,Trade,Buy,19.99,1940,560
2025-07-24T03:38:09.4973233Z,a5d8b57b-c616-4759-b7d5-9fbafbe72a32,Trade,Sell,20.01,224,0
2025-07-24T03:38:09.4973233Z,5286e7f7-22e4-40a6-965c-876f606f3863,Trade,Sell,20.01,1369,907
2025-07-24T03:38:09.5073233Z,33749aa1-0ec8-456e-8f88-81664dcefc09,Trade,Buy,19.99,560,0
2025-07-24T03:38:09.5073233Z,a1c91ddb-add8-49b7-a09a-bc70e95753ad,Trade,Buy,19.99,1940,0
2025-07-24T03:38:09.5073233Z,f7d9a519-4c65-47a9-9083-7b0c5b8f779f,Trade,Buy,19.99,1006,0
2025-07-24T03:38:09.5073233Z,ce1e5b50-313e-4bc1-ae3d-ba6880127f03,Trade,Buy,19.99,564,0
2025-07-24T03:38:09.5073233Z,b27d00e7-1dc1-49e8-9c0f-5d52b3091a1b,Trade,Buy,19.99,52,1571
2025-07-24T03:38:09.5173233Z,3cfeb202-0e91-4ed3-8846-e369ded4c924,New,Sell,20.00,0,815
2025-07-24T03:38:09.5273233Z,bae06f43-a777-48a9-b6ac-34a0e1b11db5,New,Sell,20.02,0,837
2025-07-24T03:38:09.5373233Z,3cfeb202-0e91-4ed3-8846-e369ded4c924,Trade,Sell,20.00,419,396
2025-07-24T03:38:09.5373233Z,e491ddb3-3aa9-49df-83be-89dec888aef7,Cancel,Buy,19.92,0,0
2025-07-24T03:38:09.5473233Z,810f208c-b159-40ad-8fca-c1b10fb8e985,New,Buy,19.96,0,563
2025-07-24T03:38:09.5573233Z,b27d00e7-1dc1-49e8-9c0f-5d52b3091a1b,Trade,Buy,19.99,350,1221
2025-07-24T03:38:09.5673233Z,b27d00e7-1dc1-49e8-9c0f-5d52b3091a1b,Trade,Buy,19.99,431,790
2025-07-24T03:38:09.5773233Z,c8b91d33-6feb-4740-88fb-3db8c8e5d413,New,Sell,20.01,0,752
2025-07-24T03:38:09.5873233Z,7b1a2a74-bc33-4828-bd62-acad5a47374d,New,Sell,20.00,0,262
2025-07-24T03:38:09.5873233Z,1219cfd9-1262-4c02-bf00-5a3d7aa0cc0d,Cancel,Sell,20.02,0,0
2025-07-24T03:38:09.5973233Z,3cfeb202-0e91-4ed3-8846-e369ded4c924,Trade,Sell,20.00,396,0
2025-07-24T03:38:09.5973233Z,7b1a2a74-bc33-4828-bd62-acad5a47374d,Trade,Sell,20.00,262,0
2025-07-24T03:38:09.5973233Z,efec2b76-34d4-481f-b93a-9fdfcd5314de,Trade,Sell,20.01,2500,0
2025-07-24T03:38:09.5973233Z,c8b91d33-6feb-4740-88fb-3db8c8e5d413,Trade,Sell,20.01,752,0
2025-07-24T03:38:09.5973233Z,db22684a-833d-4f5d-bad2-c1cb0c1945fe,Trade,Sell,20.02,542,1610
2025-07-24T03:38:09.6073233Z,c3b3d731-f7f5-4680-b28f-de407a42ef0c,Trade,Buy,19.99,1107,1393
2025-07-24T03:38:09.6073233Z,ac8df207-229d-4685-beac-a89405a28560,Cancel,Sell,20.04,0,0
2025-07-24T03:38:09.6173233Z,e32a11e2-e41c-416b-93b0-3282f2739630,New,Sell,20.02,0,244
2025-07-24T03:38:09.6173233Z,4ea03412-a1d3-4452-b67b-64885e9711d3,Cancel,Sell,20.05,0,0
2025-07-24T03:38:09.6273233Z,337c4303-cf3c-4f19-be92-d1b076e9718a,New,Buy,20.00,0,1028
2025-07-24T03:38:09.6273233Z,e32a11e2-e41c-416b-93b0-3282f2739630,Cancel,Sell,20.02,0,0
2025-07-24T03:38:09.6373233Z,c66fda69-a398-44ba-a5b2-ae3fe6b5fbcc,Trade,Sell,20.02,1595,905
2025-07-24T03:38:09.6473233Z,3ce5d423-bc97-45b2-a753-06422fb6bdc4,Trade,Sell,20.02,592,1908
2025-07-24T03:38:09.6573233Z,9f734a31-2f43-4d2e-be05-a641f532890a,New,Buy,19.99,0,1718
2025-07-24T03:38:09.6573233Z,ef0ec43d-69be-4afd-a554-10a03eaa3e28,Cancel,Sell,20.10,0,0
2025-07-24T03:38:09.6673233Z,337c4303-cf3c-4f19-be92-d1b076e9718a,Trade,Buy,20.00,411,617
2025-07-24T03:38:09.6773233Z,edca803e-bd19-4879-9ec5-7ccd986ef508,New,Sell,20.02,0,3501
2025-07-24T03:38:09.6873233Z,b10099be-71a6-474c-b5dd-10e36774dc06,New,Buy,20.00,0,1514
2025-07-24T03:38:09.6973233Z,337c4303-cf3c-4f19-be92-d1b076e9718a,Trade,Buy,20.00,617,0
2025-07-24T03:38:09.6973233Z,b10099be-71a6-474c-b5dd-10e36774dc06,Trade,Buy,20.00,1514,0
2025-07-24T03:38:09.6973233Z,e86f9d9b-3340-4999-ad9d-0c0e9a3c210f,Trade,Buy,20.00,1159,1341
2025-07-24T03:38:09.7073233Z,9f388a44-97d3-4630-a277-a673ce5a3837,New,Sell,20.01,0,699
2025-07-24T03:38:09.7173233Z,825de6af-4b4f-439b-a0e0-dd77350c6e60,Trade,Buy,19.99,1108,1392
2025-07-24T03:38:09.7273233Z,6edc4991-e5a8-4ba1-8b2b-ac64e3cdbb6b,New,Buy,19.99,0,1753
2025-07-24T03:38:09.7373233Z,653aa5be-9ea4-4dfb-b3f0-6b7a16a3493c,New,Buy,20.00,0,271
2025-07-24T03:38:09.7373233Z,f4a53b8a-fc4c-41ad-81b3-9a5f27eee048,Cancel,Sell,20.06,0,0
2025-07-24T03:38:09.7473233Z,8043d28e-bd82-42d0-89d9-0ed2fabf3415,New,Sell,20.01,0,787
2025-07-24T03:38:09.7573233Z,b9da4945-faa1-4a0a-8b60-6f7094a3caf3,New,Sell,20.01,0,4868
2025-07-24T03:38:09.7673233Z,b7ddd369-6544-4261-abe2-116d0d816a28,New,Buy,19.99,0,393
2025-07-24T03:38:09.7773233Z,a9f93ccb-e94b-4d1f-9fa8-0393b755bed5,New,Sell,20.03,0,224
2025-07-24T03:38:09.7873233Z,8ec81512-75d8-4c8a-80de-74de806e6fe5,New,Buy,20.00,0,1399
2025-07-24T03:38:09.7973233Z,6f147561-6ff2-4814-b3b5-054083fb40f1,New,Sell,20.01,0,109
2025-07-24T03:38:09.8073233Z,33621886-0594-4181-bc16-d4a851ea2fb2,New,Sell,20.01,0,1553
2025-07-24T03:38:09.8173233Z,f7037f3c-e352-4bc9-8a48-0496c52bcf41,New,Sell,20.03,0,2529
2025-07-24T03:38:09.8273233Z,9f388a44-97d3-4630-a277-a673ce5a3837,Trade,Sell,20.01,669,30
2025-07-24T03:38:09.8373233Z,7653b76a-e47d-405e-8af5-bdc05d89278f,New,Sell,20.01,0,317
2025-07-24T03:38:09.8473233Z,6fbb768c-6c54-4c3c-ac75-d1bdfde52944,New,Sell,20.02,0,3841
2025-07-24T03:38:09.8573233Z,162d5ffe-e2f0-4dbb-a5e3-5f543cc818f8,New,Buy,19.97,0,1326
2025-07-24T03:38:09.8673233Z,c6ca9368-e76f-49fc-a81e-9543a2b8bffb,New,Buy,19.99,0,424
2025-07-24T03:38:09.8673233Z,6fbb768c-6c54-4c3c-ac75-d1bdfde52944,Cancel,Sell,20.02,0,0
2025-07-24T03:38:09.8773233Z,73672335-e572-4716-b1eb-10a79bc2247e,New,Sell,20.02,0,975
2025-07-24T03:38:09.8773233Z,35db959c-d927-45cd-9328-1acdf1bff696,Cancel,Sell,20.07,0,0
2025-07-24T03:38:09.8873233Z,3f3acf5e-6ad4-4010-bdef-0a6eb67de5ce,New,Sell,20.02,0,801
2025-07-24T03:38:09.8973233Z,14aa3c40-ae6a-4e2c-b5a2-a063c2feb330,New,Sell,20.01,0,667
2025-07-24T03:38:09.9073233Z,fb2e9663-115e-457a-8194-da423943d6b9,New,Buy,20.00,0,1102
2025-07-24T03:38:09.9073233Z,f7d99071-3020-441a-a8a1-35621a66a0f0,Cancel,Sell,20.06,0,0
2025-07-24T03:38:09.9173233Z,b316fe2c-4deb-422c-9617-723516ac1db3,New,Sell,20.01,0,2657
2025-07-24T03:38:09.9173233Z,efa1ff44-8ca1-4289-b3c8-6a92f2ce0c4f,Cancel,Buy,19.91,0,0
2025-07-24T03:38:09.9273233Z,1afeeed6-be8d-4731-8daa-9506e4ab773b,New,Buy,20.00,0,5724
2025-07-24T03:38:09.9373233Z,8043d28e-bd82-42d0-89d9-0ed2fabf3415,Trade,Sell,20.01,787,0
2025-07-24T03:38:09.9373233Z,b9da4945-faa1-4a0a-8b60-6f7094a3caf3,Trade,Sell,20.01,1529,3339
2025-07-24T03:38:09.9473233Z,eeb9b586-e033-4e2a-94fe-3b168e9ab7bf,New,Buy,19.98,0,299
2025-07-24T03:38:09.9473233Z,727ccfb6-4adf-41dd-8bfa-23c40e3ae696,Cancel,Buy,19.99,0,0
2025-07-24T03:38:09.9573233Z,653aa5be-9ea4-4dfb-b3f0-6b7a16a3493c,Trade,Buy,20.00,271,0
2025-07-24T03:38:09.9573233Z,8ec81512-75d8-4c8a-80de-74de806e6fe5,Trade,Buy,20.00,1399,0
2025-07-24T03:38:09.9573233Z,fb2e9663-115e-457a-8194-da423943d6b9,Trade,Buy,20.00,252,850
2025-07-24T03:38:09.9673233Z,014ea60b-19b6-4aa6-8e68-3af0fa5e53a9,New,Buy,19.99,0,401
2025-07-24T03:38:09.9673233Z,a81e00b3-f302-4e0e-b271-e49650a9509b,Cancel,Sell,20.04,0,0
2025-07-24T03:38:09.9773233Z,8d3d599c-ae9a-4d98-b98e-1b7caadcb132,New,Sell,20.01,0,887
2025-07-24T03:38:09.9873233Z,fa385f21-4ae6-439b-aa84-7906006b056b,New,Sell,20.03,0,1609
2025-07-24T03:38:09.9973233Z,eb5f9d77-db16-4a32-9150-1b2c6e1d9a45,New,Sell,20.01,0,231
2025-07-24T03:38:10.0073233Z,349db0e8-2af1-4b16-8cc8-565ee835d77c,New,Buy,19.99,0,1394
2025-07-24T03:38:10.0173233Z,1afeeed6-be8d-4731-8daa-9506e4ab773b,Trade,Buy,20.00,242,5482
2025-07-24T03:38:10.0173233Z,162d5ffe-e2f0-4dbb-a5e3-5f543cc818f8,Cancel,Buy,19.97,0,0
2025-07-24T03:38:10.0273233Z,43acd398-2f89-49a1-8c6e-2e7dae2865eb,New,Sell,20.03,0,901
2025-07-24T03:38:10.0373233Z,6f147561-6ff2-4814-b3b5-054083fb40f1,Trade,Sell,20.01,109,0
2025-07-24T03:38:10.0373233Z,33621886-0594-4181-bc16-d4a851ea2fb2,Trade,Sell,20.01,678,875
2025-07-24T03:38:10.0373233Z,73a07af9-ecfc-441a-837a-037bf3750c01,Cancel,Sell,20.07,0,0
2025-07-24T03:38:10.0473233Z,9f388a44-97d3-4630-a277-a673ce5a3837,Trade,Sell,20.01,30,0
2025-07-24T03:38:10.0473233Z,7653b76a-e47d-405e-8af5-bdc05d89278f,Trade,Sell,20.01,317,0
2025-07-24T03:38:10.0473233Z,14aa3c40-ae6a-4e2c-b5a2-a063c2feb330,Trade,Sell,20.01,667,0
2025-07-24T03:38:10.0473233Z,b316fe2c-4deb-422c-9617-723516ac1db3,Trade,Sell,20.01,961,1696
2025-07-24T03:38:10.0473233Z,1afeeed6-be8d-4731-8daa-9506e4ab773b,Cancel,Buy,20.00,0,0
2025-07-24T03:38:10.0573233Z,e01f7edc-6eb5-4f88-bba2-89bb60920f65,New,Buy,20.00,0,2214
2025-07-24T03:38:10.0673233Z,fb2e9663-115e-457a-8194-da423943d6b9,Trade,Buy,20.00,850,0
2025-07-24T03:38:10.0673233Z,e01f7edc-6eb5-4f88-bba2-89bb60920f65,Trade,Buy,20.00,186,2028
2025-07-24T03:38:10.0673233Z,edca803e-bd19-4879-9ec5-7ccd986ef508,Cancel,Sell,20.02,0,0
2025-07-24T03:38:10.0773233Z,907829f4-ffc9-451b-b92d-9dd63e2f69d2,New,Sell,20.03,0,643
2025-07-24T03:38:10.0873233Z,e278e2ba-da05-4a4f-abd1-09a590fe9332,New,Buy,20.00,0,958
2025-07-24T03:38:10.0973233Z,e01f7edc-6eb5-4f88-bba2-89bb60920f65,Trade,Buy,20.00,394,1634
2025-07-24T03:38:10.1073233Z,b7d7a346-5dc6-4941-8f3d-c49c9852f14f,New,Sell,20.02,0,8469
2025-07-24T03:38:10.1173233Z,b9da4945-faa1-4a0a-8b60-6f7094a3caf3,Trade,Sell,20.01,429,2910
2025-07-24T03:38:10.1173233Z,b27d00e7-1dc1-49e8-9c0f-5d52b3091a1b,Cancel,Buy,19.99,0,0
2025-07-24T03:38:10.1273233Z,e278e2ba-da05-4a4f-abd1-09a590fe9332,Trade,Buy,20.00,552,406
2025-07-24T03:38:10.1373233Z,e49526a2-2f2f-4cd9-bcd1-389239999195,New,Buy,19.99,0,3117
2025-07-24T03:38:10.1473233Z,579b00e5-126e-4783-9c5d-bba725996f10,New,Buy,19.99,0,1539
2025-07-24T03:38:10.1573233Z,8a75e550-b2ef-4365-b90e-1e994854974b,New,Buy,19.99,0,4501
2025-07-24T03:38:10.1673233Z,f11d87d5-6192-4c85-b1f3-12925a8326b0,New,Sell,20.01,0,425
2025-07-24T03:38:10.1773233Z,a2899ede-601b-46f5-848e-b460c0a98943,New,Sell,20.01,0,788
2025-07-24T03:38:10.1873233Z,8d3d599c-ae9a-4d98-b98e-1b7caadcb132,Trade,Sell,20.01,887,0
2025-07-24T03:38:10.1873233Z,eb5f9d77-db16-4a32-9150-1b2c6e1d9a45,Trade,Sell,20.01,231,0
2025-07-24T03:38:10.1873233Z,33621886-0594-4181-bc16-d4a851ea2fb2,Trade,Sell,20.01,875,0
2025-07-24T03:38:10.1873233Z,b316fe2c-4deb-422c-9617-723516ac1db3,Trade,Sell,20.01,238,1458
2025-07-24T03:38:10.1973233Z,5b971543-a21d-4ec2-bf73-bbc4d1c18110,New,Buy,20.00,0,1082
2025-07-24T03:38:10.2073233Z,3009fc8b-0db6-45ce-adcc-510924cb5c03,New,Buy,20.00,0,31986
2025-07-24T03:38:10.2173233Z,e01f7edc-6eb5-4f88-bba2-89bb60920f65,Trade,Buy,20.00,486,1148
2025-07-24T03:38:10.2173233Z,a9f93ccb-e94b-4d1f-9fa8-0393b755bed5,Cancel,Sell,20.03,0,0
2025-07-24T03:38:10.2273233Z,e278e2ba-da05-4a4f-abd1-09a590fe9332,Trade,Buy,20.00,406,0
2025-07-24T03:38:10.2273233Z,5b971543-a21d-4ec2-bf73-bbc4d1c18110,Trade,Buy,20.00,1082,0
2025-07-24T03:38:10.2273233Z,3009fc8b-0db6-45ce-adcc-510924cb5c03,Trade,Buy,20.00,1193,30793
2025-07-24T03:38:10.2373233Z,a88dd750-cfa0-452d-82f3-f7a91b07f5e0,New,Buy,20.00,0,1643
2025-07-24T03:38:10.2473233Z,d03f6a0e-11d8-4776-9682-3f1501d2f653,New,Buy,19.97,0,478
2025-07-24T03:38:10.2573233Z,e01f7edc-6eb5-4f88-bba2-89bb60920f65,Trade,Buy,20.00,1069,79
2025-07-24T03:38:10.2673233Z,c18ca0e7-026c-4a5f-9991-e9f62be34a74,New,Buy,19.99,0,2541
2025-07-24T03:38:10.2773233Z,4441a4a7-0253-4618-8775-2b07a01b3578,New,Sell,20.01,0,613
2025-07-24T03:38:10.2873233Z,b9da4945-faa1-4a0a-8b60-6f7094a3caf3,Trade,Sell,20.01,687,2223
2025-07-24T03:38:10.2973233Z,041ef7ea-e072-49b2-918f-7b02db4b98d1,New,Sell,20.04,0,301
2025-07-24T03:38:10.2973233Z,e49526a2-2f2f-4cd9-bcd1-389239999195,Cancel,Buy,19.99,0,0
2025-07-24T03:38:10.2973233Z,3f3acf5e-6ad4-4010-bdef-0a6eb67de5ce,Cancel,Sell,20.02,0,0
2025-07-24T03:38:10.3073233Z,3009fc8b-0db6-45ce-adcc-510924cb5c03,Trade,Buy,20.00,140,30653
2025-07-24T03:38:10.3073233Z,7e472a06-3d9a-410e-b9fd-5b60540e6e4a,Cancel,Buy,19.92,0,0
2025-07-24T03:38:10.3173233Z,39f103c4-57c4-4403-873a-151e89314696,New,Buy,20.00,0,759
2025-07-24T03:38:10.3273233Z,a79b1db6-9b5a-4ace-89e2-5e5cad1132e5,New,Sell,20.04,0,2374
2025-07-24T03:38:10.3273233Z,a88dd750-cfa0-452d-82f3-f7a91b07f5e0,Cancel,Buy,20.00,0,0
2025-07-24T03:38:10.3273233Z,ec4212f4-8867-415a-a971-2a4032e85fd8,Cancel,Sell,20.03,0,0
2025-07-24T03:38:10.3373233Z,b4715eef-afc7-4fac-8e21-040ed09b92ec,New,Sell,20.02,0,594
2025-07-24T03:38:10.3473233Z,f11d87d5-6192-4c85-b1f3-12925a8326b0,Trade,Sell,20.01,425,0
2025-07-24T03:38:10.3473233Z,a2899ede-601b-46f5-848e-b460c0a98943,Trade,Sell,20.01,788,0
2025-07-24T03:38:10.3473233Z,b316fe2c-4deb-422c-9617-723516ac1db3,Trade,Sell,20.01,600,858
2025-07-24T03:38:10.3473233Z,e551c94d-3bea-41ea-b52c-a2427859de87,Cancel,Buy,19.97,0,0
2025-07-24T03:38:10.3573233Z,4d2b5c69-5f3d-4056-97e9-be5f076e1161,New,Buy,20.00,0,174
2025-07-24T03:38:10.3673233Z,4441a4a7-0253-4618-8775-2b07a01b3578,Trade,Sell,20.01,613,0
2025-07-24T03:38:10.3673233Z,b9da4945-faa1-4a0a-8b60-6f7094a3caf3,Trade,Sell,20.01,256,1967
2025-07-24T03:38:10.3773233Z,aa3e228b-498f-47bc-85d9-681ad4add0ff,New,Sell,20.02,0,3723
2025-07-24T03:38:10.3873233Z,a3c2f7dd-d479-4934-9d9b-a444811bf5a4,New,Buy,20.00,0,214
2025-07-24T03:38:10.3973233Z,f8c6a75e-6da1-4852-a588-91185e5f4a65,New,Sell,20.02,0,978
2025-07-24T03:38:10.3973233Z,907829f4-ffc9-451b-b92d-9dd63e2f69d2,Cancel,Sell,20.03,0,0
2025-07-24T03:38:10.4073233Z,6b140aa3-a70b-4ab6-ac58-5b2f3c152e2d,New,Buy,20.00,0,2974
2025-07-24T03:38:10.4173233Z,2406491d-8e55-4c60-8b50-10b9ecdaca0a,New,Sell,20.01,0,1398
2025-07-24T03:38:10.4273233Z,d946981b-fd5b-43f1-bff8-2691e84c9b12,New,Buy,20.00,0,1131
2025-07-24T03:38:10.4373233Z,faa0b5ba-0605-4329-975e-b3b51e4d9e67,New,Sell,20.01,0,844
2025-07-24T03:38:10.4473233Z,82a4ca4b-e4ee-4d22-83cf-0779f17af9e3,New,Sell,20.02,0,2306
2025-07-24T03:38:10.4473233Z,57bed299-d7ae-470a-95cf-ee288064f031,Cancel,Buy,19.93,0,0
2025-07-24T03:38:10.4573233Z,e01f7edc-6eb5-4f88-bba2-89bb60920f65,Trade,Buy,20.00,79,0
2025-07-24T03:38:10.4573233Z,3009fc8b-0db6-45ce-adcc-510924cb5c03,Trade,Buy,20.00,5090,25563
2025-07-24T03:38:10.4673233Z,b316fe2c-4deb-422c-9617-723516ac1db3,Trade,Sell,20.01,238,620
2025-07-24T03:38:10.4773233Z,ceb3bb1d-d891-4c8b-a263-067c49209efe,New,Sell,20.01,0,3083
2025-07-24T03:38:10.4873233Z,b9da4945-faa1-4a0a-8b60-6f7094a3caf3,Trade,Sell,20.01,448,1519
2025-07-24T03:38:10.4973233Z,75078bcd-d38e-4f39-86c0-212c8f8b48c9,New,Sell,20.02,0,296
2025-07-24T03:38:10.5073233Z,83e7d211-e628-4ce7-820a-c03adf11dd47,New,Sell,20.02,0,1607
2025-07-24T03:38:10.5173233Z,3e6ec16d-92e4-426d-aa22-26ea3a1ce17e,New,Sell,20.01,0,12364
2025-07-24T03:38:10.5173233Z,fa385f21-4ae6-439b-aa84-7906006b056b,Cancel,Sell,20.03,0,0
2025-07-24T03:38:10.5273233Z,2406491d-8e55-4c60-8b50-10b9ecdaca0a,Trade,Sell,20.01,485,913
2025-07-24T03:38:10.5373233Z,14930fd4-2533-4a59-988e-7bd985d6f8a9,New,Sell,20.01,0,222
2025-07-24T03:38:10.5473233Z,c1316707-875c-48e0-83e6-e1f03293bd77,New,Buy,20.00,0,614
2025-07-24T03:38:10.5473233Z,3009fc8b-0db6-45ce-adcc-510924cb5c03,Cancel,Buy,20.00,0,0
2025-07-24T03:38:10.5473233Z,b9da4945-faa1-4a0a-8b60-6f7094a3caf3,Cancel,Sell,20.01,0,0
2025-07-24T03:38:10.5573233Z,39f103c4-57c4-4403-873a-151e89314696,Trade,Buy,20.00,759,0
2025-07-24T03:38:10.5573233Z,4d2b5c69-5f3d-4056-97e9-be5f076e1161,Trade,Buy,20.00,174,0
2025-07-24T03:38:10.5573233Z,a3c2f7dd-d479-4934-9d9b-a444811bf5a4,Trade,Buy,20.00,214,0
2025-07-24T03:38:10.5573233Z,6b140aa3-a70b-4ab6-ac58-5b2f3c152e2d,Trade,Buy,20.00,2974,0
2025-07-24T03:38:10.5573233Z,d946981b-fd5b-43f1-bff8-2691e84c9b12,Trade,Buy,20.00,1131,0
2025-07-24T03:38:10.5573233Z,c1316707-875c-48e0-83e6-e1f03293bd77,Trade,Buy,20.00,614,0
2025-07-24T03:38:10.5573233Z,c39b886c-1ddb-496f-a6a8-6a196acb9b59,Trade,Buy,20.00,2500,0
2025-07-24T03:38:10.5573233Z,9f734a31-2f43-4d2e-be05-a641f532890a,Trade,Buy,19.99,1718,0
2025-07-24T03:38:10.5573233Z,6edc4991-e5a8-4ba1-8b2b-ac64e3cdbb6b,Trade,Buy,19.99,1753,0
2025-07-24T03:38:10.5573233Z,b7ddd369-6544-4261-abe2-116d0d816a28,Trade,Buy,19.99,393,0
2025-07-24T03:38:10.5573233Z,c6ca9368-e76f-49fc-a81e-9543a2b8bffb,Trade,Buy,19.99,424,0
2025-07-24T03:38:10.5573233Z,014ea60b-19b6-4aa6-8e68-3af0fa5e53a9,Trade,Buy,19.99,401,0
2025-07-24T03:38:10.5573233Z,349db0e8-2af1-4b16-8cc8-565ee835d77c,Trade,Buy,19.99,10,1384
2025-07-24T03:38:10.5673233Z,579b00e5-126e-4783-9c5d-bba725996f10,Trade,Buy,19.99,525,1014
2025-07-24T03:38:10.5773233Z,faa0b5ba-0605-4329-975e-b3b51e4d9e67,Trade,Sell,20.01,844,0
2025-07-24T03:38:10.5773233Z,b316fe2c-4deb-422c-9617-723516ac1db3,Trade,Sell,20.01,620,0
2025-07-24T03:38:10.5773233Z,ceb3bb1d-d891-4c8b-a263-067c49209efe,Trade,Sell,20.01,1709,1374
2025-07-24T03:38:10.5773233Z,75078bcd-d38e-4f39-86c0-212c8f8b48c9,Cancel,Sell,20.02,0,0
2025-07-24T03:38:10.5873233Z,423b9847-cfeb-47dc-8a8b-055665103377,New,Buy,19.98,0,243
2025-07-24T03:38:10.5973233Z,99d908e3-dcbd-4639-afd5-643c7a92c33e,New,Sell,20.03,0,66
2025-07-24T03:38:10.6073233Z,1d3ae2fd-f2d0-412f-a140-1679f2f15262,New,Sell,20.02,0,330
2025-07-24T03:38:10.6173233Z,2f36ae18-e6d6-476e-aff8-543af434537d,New,Sell,20.01,0,814
2025-07-24T03:38:10.6173233Z,82a4ca4b-e4ee-4d22-83cf-0779f17af9e3,Cancel,Sell,20.02,0,0
2025-07-24T03:38:10.6273233Z,ece25ca1-1c62-48ab-ab15-79a9ced84259,New,Sell,20.00,0,580
2025-07-24T03:38:10.6273233Z,43acd398-2f89-49a1-8c6e-2e7dae2865eb,Cancel,Sell,20.03,0,0
2025-07-24T03:38:10.6373233Z,8a75e550-b2ef-4365-b90e-1e994854974b,Trade,Buy,19.99,771,3730
2025-07-24T03:38:10.6473233Z,30b85452-83d2-4513-a06c-5cbd12a2844a,New,Sell,20.00,0,940
2025-07-24T03:38:10.6573233Z,8c7f8b58-3ebb-408a-a7f3-12d99e5393a7,New,Buy,19.99,0,874
2025-07-24T03:38:10.6673233Z,70808028-2692-46a7-b526-19af9d58a3ef,New,Sell,20.02,0,1698
2025-07-24T03:38:10.6773233Z,c18ca0e7-026c-4a5f-9991-e9f62be34a74,Trade,Buy,19.99,1132,1409
2025-07-24T03:38:10.6873233Z,349db0e8-2af1-4b16-8cc8-565ee835d77c,Trade,Buy,19.99,500,884
2025-07-24T03:38:10.6973233Z,579b00e5-126e-4783-9c5d-bba725996f10,Trade,Buy,19.99,1014,0
2025-07-24T03:38:10.6973233Z,8a75e550-b2ef-4365-b90e-1e994854974b,Trade,Buy,19.99,3730,0
2025-07-24T03:38:10.6973233Z,8c7f8b58-3ebb-408a-a7f3-12d99e5393a7,Trade,Buy,19.99,874,0
2025-07-24T03:38:10.6973233Z,c18ca0e7-026c-4a5f-9991-e9f62be34a74,Trade,Buy,19.99,1409,0
2025-07-24T03:38:10.6973233Z,349db0e8-2af1-4b16-8cc8-565ee835d77c,Trade,Buy,19.99,884,0
2025-07-24T03:38:10.6973233Z,db89b673-6850-4171-9831-6c6b217fd847,Trade,Buy,19.99,2500,0
2025-07-24T03:38:10.6973233Z,863599e5-984a-4d6d-8e99-cda19bc9a495,Trade,Buy,19.98,1271,881
2025-07-24T03:38:10.7073233Z,c01c8f38-396e-442b-936c-1935c40107c1,New,Buy,19.97,0,608
2025-07-24T03:38:10.7173233Z,1adefb2f-a9cc-4a37-aba2-1ab68ef455c3,New,Buy,19.98,0,3102
2025-07-24T03:38:10.7273233Z,eeb9b586-e033-4e2a-94fe-3b168e9ab7bf,Trade,Buy,19.98,158,141
2025-07-24T03:38:10.7373233Z,423b9847-cfeb-47dc-8a8b-055665103377,Trade,Buy,19.98,243,0
2025-07-24T03:38:10.7373233Z,863599e5-984a-4d6d-8e99-cda19bc9a495,Trade,Buy,19.98,166,715
2025-07-24T03:38:10.7473233Z,5b11d0e3-8953-4083-985f-07ba1620c6f0,Trade,Buy,19.98,609,1891
2025-07-24T03:38:10.7473233Z,041ef7ea-e072-49b2-918f-7b02db4b98d1,Cancel,Sell,20.04,0,0
2025-07-24T03:38:10.7573233Z,1adefb2f-a9cc-4a37-aba2-1ab68ef455c3,Trade,Buy,19.98,550,2552
2025-07-24T03:38:10.7673233Z,7709bea7-058b-4c88-ab19-f5e6e964ef45,New,Sell,20.00,0,599
2025-07-24T03:38:10.7773233Z,eeb9b586-e033-4e2a-94fe-3b168e9ab7bf,Trade,Buy,19.98,141,0
2025-07-24T03:38:10.7773233Z,863599e5-984a-4d6d-8e99-cda19bc9a495,Trade,Buy,19.98,715,0
2025-07-24T03:38:10.7773233Z,5b11d0e3-8953-4083-985f-07ba1620c6f0,Trade,Buy,19.98,1298,593
2025-07-24T03:38:10.7773233Z,9794302b-3868-4a81-9284-01bdaf3fd97d,Cancel,Sell,20.05,0,0
2025-07-24T03:38:10.7873233Z,8e90d00a-1f68-46fb-bc9c-e0949c9859f8,Trade,Buy,19.98,609,0
2025-07-24T03:38:10.7873233Z,1adefb2f-a9cc-4a37-aba2-1ab68ef455c3,Trade,Buy,19.98,296,2256
2025-07-24T03:38:10.7873233Z,f8c6a75e-6da1-4852-a588-91185e5f4a65,Cancel,Sell,20.02,0,0
2025-07-24T03:38:10.7973233Z,af74e387-8dcd-44e0-a017-33b83e8fdabd,New,Buy,19.98,0,349
2025-07-24T03:38:10.8073233Z,6bf5f0e1-119e-45f3-9136-e112f7594818,New,Sell,20.00,0,1867
2025-07-24T03:38:10.8173233Z,c2652e61-8283-40fa-bdfe-6141cc2ce458,New,Sell,20.01,0,1699
2025-07-24T03:38:10.8273233Z,d3e044ee-f2ee-4b60-a2e2-d1a526c2ce63,New,Buy,19.98,0,7133
2025-07-24T03:38:10.8373233Z,5b11d0e3-8953-4083-985f-07ba1620c6f0,Trade,Buy,19.98,593,0
2025-07-24T03:38:10.8373233Z,eb59756c-907f-473d-b38f-8776c5ec375d,Trade,Buy,19.98,1298,0
2025-07-24T03:38:10.8373233Z,1adefb2f-a9cc-4a37-aba2-1ab68ef455c3,Trade,Buy,19.98,2256,0
2025-07-24T03:38:10.8373233Z,d293210f-0468-4b09-978d-7e69e12cc098,Trade,Buy,19.98,609,0
2025-07-24T03:38:10.8373233Z,af74e387-8dcd-44e0-a017-33b83e8fdabd,Trade,Buy,19.98,349,0
2025-07-24T03:38:10.8373233Z,d3e044ee-f2ee-4b60-a2e2-d1a526c2ce63,Trade,Buy,19.98,26,7107
2025-07-24T03:38:10.8373233Z,aa3e228b-498f-47bc-85d9-681ad4add0ff,Cancel,Sell,20.02,0,0
2025-07-24T03:38:10.8473233Z,d3e044ee-f2ee-4b60-a2e2-d1a526c2ce63,Trade,Buy,19.98,7107,0
2025-07-24T03:38:10.8473233Z,a8ca5b36-7a05-45c2-8835-ee0fa1e88271,Trade,Buy,19.98,391,2109
2025-07-24T03:38:10.8573233Z,a8ca5b36-7a05-45c2-8835-ee0fa1e88271,Trade,Buy,19.98,2109,0
2025-07-24T03:38:10.8573233Z,c5c64840-8ffd-4dc0-8c7e-e164fc2eb421,Trade,Buy,19.98,318,73
2025-07-24T03:38:10.8673233Z,ef4ab942-634c-4ebb-9edc-0587c8b5d2cc,New,Sell,20.00,0,489
2025-07-24T03:38:10.8673233Z,b4715eef-afc7-4fac-8e21-040ed09b92ec,Cancel,Sell,20.02,0,0
2025-07-24T03:38:10.8673233Z,d03f6a0e-11d8-4776-9682-3f1501d2f653,Cancel,Buy,19.97,0,0
2025-07-24T03:38:10.8773233Z,ece25ca1-1c62-48ab-ab15-79a9ced84259,Trade,Sell,20.00,580,0
2025-07-24T03:38:10.8773233Z,30b85452-83d2-4513-a06c-5cbd12a2844a,Trade,Sell,20.00,148,792
2025-07-24T03:38:10.8873233Z,f60b4c31-54cb-40a0-a76f-e1f1c2957c06,New,Sell,19.99,0,1610
2025-07-24T03:38:10.8973233Z,e52868d2-5360-478e-ab88-9d3d268631f7,New,Sell,19.99,0,303
2025-07-24T03:38:10.9073233Z,eeeab832-10f7-4500-a7a8-efeda375f4f7,Trade,Buy,19.97,2500,0
2025-07-24T03:38:10.9073233Z,c01c8f38-396e-442b-936c-1935c40107c1,Trade,Buy,19.97,608,0
2025-07-24T03:38:10.9073233Z,8e38c4c5-1687-4c1c-80cf-5e642b3da297,Trade,Buy,19.96,87,2065
2025-07-24T03:38:10.9173233Z,1f7d9494-6929-4af8-9713-20e230045939,Trade,Buy,19.97,85,2415
2025-07-24T03:38:10.9173233Z,b7d7a346-5dc6-4941-8f3d-c49c9852f14f,Cancel,Sell,20.02,0,0
2025-07-24T03:38:10.9173233Z,ae4754c5-e7a2-4d14-b468-7bcdaf72fb0d,Cancel,Sell,20.07,0,0
2025-07-24T03:38:10.9273233Z,1f7d9494-6929-4af8-9713-20e230045939,Trade,Buy,19.97,208,2207
2025-07-24T03:38:10.9273233Z,b1d2c676-3e12-4bc9-a311-eb25756bcb2f,Cancel,Buy,19.93,0,0
2025-07-24T03:38:10.9373233Z,e01e9164-3128-49d1-b48d-2c10896d95be,New,Sell,20.00,0,466
2025-07-24T03:38:10.9373233Z,a79b1db6-9b5a-4ace-89e2-5e5cad1132e5,Cancel,Sell,20.04,0,0
2025-07-24T03:38:10.9473233Z,52b8314b-e75d-4dc3-8152-709e2c7ded9c,New,Sell,19.98,0,1279
2025-07-24T03:38:10.9573233Z,52b8314b-e75d-4dc3-8152-709e2c7ded9c,Trade,Sell,19.98,1279,0
2025-07-24T03:38:10.9573233Z,e62e3305-2d7b-49c6-9627-67d696fa80f0,Trade,Sell,19.98,1219,1281
2025-07-24T03:38:10.9673233Z,10b931f4-cbc7-4159-8f1b-fbddc87ffbe9,Trade,Buy,19.96,759,1741
2025-07-24T03:38:10.9673233Z,99d908e3-dcbd-4639-afd5-643c7a92c33e,Cancel,Sell,20.03,0,0
2025-07-24T03:38:10.9773233Z,10b931f4-cbc7-4159-8f1b-fbddc87ffbe9,Trade,Buy,19.96,263,1478
2025-07-24T03:38:10.9873233Z,859492d9-0454-4e2a-975a-4806e7214075,Trade,Buy,19.96,759,0
2025-07-24T03:38:10.9873233Z,10b931f4-cbc7-4159-8f1b-fbddc87ffbe9,Trade,Buy,19.96,574,904
2025-07-24T03:38:10.9973233Z,8adfcf4f-074c-4485-b92f-4d9cc87fc001,Trade,Buy,19.96,263,0
2025-07-24T03:38:10.9973233Z,10b931f4-cbc7-4159-8f1b-fbddc87ffbe9,Trade,Buy,19.96,904,0
2025-07-24T03:38:10.9973233Z,35b0696e-0777-409d-be07-bb4e5ae77d7f,Trade,Buy,19.96,454,879
2025-07-24T03:38:11.0073233Z,e62e3305-2d7b-49c6-9627-67d696fa80f0,Trade,Sell,19.98,1281,0
2025-07-24T03:38:11.0073233Z,ef89f70f-5646-41b2-924a-6546e0b19fe3,Trade,Sell,19.98,1203,16
2025-07-24T03:38:11.0173233Z,35b0696e-0777-409d-be07-bb4e5ae77d7f,Trade,Buy,19.96,647,232
2025-07-24T03:38:11.0273233Z,8ec04fb5-f90f-498f-accd-ca3fe5f08803,New,Sell,20.00,0,208
2025-07-24T03:38:11.0373233Z,7583e275-7893-41f3-8f6a-98c86bd3b51f,New,Sell,19.98,0,72
2025-07-24T03:38:11.0473233Z,023d4879-f234-4758-a271-0d27f9a4a812,New,Sell,20.00,0,492
2025-07-24T03:38:11.0573233Z,11ab530e-450e-4c45-a101-547c1f60952a,Trade,Buy,19.96,373,2127
2025-07-24T03:38:11.0673233Z,e982af0e-9bfa-4128-839a-5b5cc3ee4b76,New,Sell,19.98,0,4754
2025-07-24T03:38:11.0773233Z,768d2317-8020-4d19-b81e-c6169f4cde6d,Trade,Buy,19.96,2500,0
2025-07-24T03:38:11.0773233Z,810f208c-b159-40ad-8fca-c1b10fb8e985,Trade,Buy,19.96,563,0
2025-07-24T03:38:11.0773233Z,d8189b44-9972-478a-98a0-88a704d2b3d7,Trade,Buy,19.95,202,1950
2025-07-24T03:38:11.0773233Z,1a7b8c0a-cd72-4569-b481-325d35fc748c,Cancel,Buy,19.92,0,0
2025-07-24T03:38:11.0873233Z,e38f98ab-b083-44d2-9b87-7f8d467e9b89,Trade,Buy,19.96,1673,827
2025-07-24T03:38:11.0973233Z,baa16f47-29e1-40e0-9452-2c6ea2ea7e37,Trade,Sell,19.98,1058,1442
2025-07-24T03:38:11.1073233Z,baa16f47-29e1-40e0-9452-2c6ea2ea7e37,Trade,Sell,19.98,1442,0
2025-07-24T03:38:11.1073233Z,5d4ef9bc-8e6c-402f-a778-f130e985d7bb,Trade,Sell,19.98,541,517
2025-07-24T03:38:11.1173233Z,efcbc78d-38a2-43f3-80d7-f132815ec4ae,New,Sell,20.00,0,1820
2025-07-24T03:38:11.1273233Z,6a4cdc74-b578-4166-aa20-5cd94b2c8d11,New,Sell,19.98,0,6680
2025-07-24T03:38:11.1373233Z,0a9d6705-e8fe-4845-92d7-436c61d644ed,New,Sell,19.97,0,113
2025-07-24T03:38:11.1473233Z,5a1f65c4-0334-4dfd-808c-49abe37e3727,Trade,Buy,19.95,1400,1100
2025-07-24T03:38:11.1573233Z,009079f0-0cce-4c49-bede-3221aedf4cd2,New,Sell,19.97,0,824
2025-07-24T03:38:11.1673233Z,2b779069-69cc-4b00-ac4d-4c6ffe0ea265,Trade,Buy,19.95,1149,1351
2025-07-24T03:38:11.1773233Z,271e6f48-2a00-492a-9715-b448cb9ecf75,Trade,Buy,19.95,764,1736
2025-07-24T03:38:11.1873233Z,2bcc8d4f-4857-4254-9b3c-feef83bafd27,New,Sell,19.96,0,5741
2025-07-24T03:38:11.1973233Z,3f38cedb-65e3-4743-8206-0dcf3e4f8fbf,Trade,Buy,19.95,1081,1419
2025-07-24T03:38:11.1973233Z,afd046fe-5890-44ba-ad46-6cc059afa759,Cancel,Sell,19.98,0,0
2025-07-24T03:38:11.2073233Z,bdda6c87-0af4-4197-9751-29e96e74f975,Trade,Buy,19.94,716,1784
2025-07-24T03:38:11.2173233Z,afb64b9f-9ec0-43f0-ab05-bf30ee742d45,Trade,Buy,19.94,453,2047
2025-07-24T03:38:11.2173233Z,c7b93cda-ad82-4030-a75a-c677ac40c9e7,Cancel,Buy,19.93,0,0
2025-07-24T03:38:11.2273233Z,ae6c1d5b-9538-431c-a67b-96e5e452d582,Trade,Buy,19.94,1116,1384
2025-07-24T03:38:11.2373233Z,7cc31eaa-2932-4cd2-be73-b5e4e4c2f53f,Trade,Buy,19.94,2500,0
2025-07-24T03:38:11.2373233Z,8853cc6e-458b-4a7d-8a8f-289aec359e7a,Trade,Buy,19.93,990,1162
2025-07-24T03:38:11.2473233Z,9fb8f8e1-2103-44bb-9811-24878edf75b8,Trade,Sell,19.96,514,1986
2025-07-24T03:38:11.2473233Z,14930fd4-2533-4a59-988e-7bd985d6f8a9,Cancel,Sell,20.01,0,0
2025-07-24T03:38:11.2573233Z,9fb8f8e1-2103-44bb-9811-24878edf75b8,Trade,Sell,19.96,1749,237
2025-07-24T03:38:11.2673233Z,64b7694b-0db9-4aef-81c0-9202eb3405de,Trade,Buy,19.94,2500,0
2025-07-24T03:38:11.2673233Z,ecbbcc1a-f046-4576-8396-5386803dfff5,Trade,Buy,19.93,2152,0
2025-07-24T03:38:11.2673233Z,fa55062b-5562-4249-a2f2-5506ba9dea1b,Trade,Buy,19.92,941,911
2025-07-24T03:38:11.2773233Z,d958bd5a-e1a5-4a2d-b76f-6864bcfd47e5,Trade,Sell,19.95,1508,992
2025-07-24T03:38:11.2773233Z,d26b3dce-1c6a-4d40-9549-ccd121405d51,Cancel,Sell,20.04,0,0
2025-07-24T03:38:11.2873233Z,d958bd5a-e1a5-4a2d-b76f-6864bcfd47e5,Trade,Sell,19.95,992,0
2025-07-24T03:38:11.2873233Z,c63aa78c-ba96-4ccd-9bce-ee79dc923462,Trade,Sell,19.95,1467,41
2025-07-24T03:38:11.2873233Z,ef4ab942-634c-4ebb-9edc-0587c8b5d2cc,Cancel,Sell,20.00,0,0
2025-07-24T03:38:11.2873233Z,7a59cc12-0a5b-439e-80f1-f3e4465a55af,Cancel,Sell,20.06,0,0
2025-07-24T03:38:11.2973233Z,06af0b9d-e5e1-42f1-b07c-878bc369f209,Trade,Buy,19.93,1446,1054
2025-07-24T03:38:11.2973233Z,058c00de-4fe1-40f5-8024-32e6d2527e27,Cancel,Buy,19.89,0,0
2025-07-24T03:38:11.3073233Z,caf97b6f-93c2-4ce1-8277-68c1cac802c7,New,Buy,19.93,0,390
2025-07-24T03:38:11.3173233Z,3b724d43-ffb3-473f-91d6-776603c97986,New,Buy,19.90,0,345
2025-07-24T03:38:11.3273233Z,5d86c423-f666-4c04-b467-2bdb7fd8fd7f,New,Sell,19.95,0,610
2025-07-24T03:38:11.3373233Z,caf97b6f-93c2-4ce1-8277-68c1cac802c7,Trade,Buy,19.93,390,0
2025-07-24T03:38:11.3373233Z,f89a982e-de5c-44a0-af27-d627f5d58ed5,Trade,Buy,19.93,2500,0
2025-07-24T03:38:11.3373233Z,f9392721-3685-430d-84f3-cc94a9928491,Trade,Buy,19.92,1237,915
2025-07-24T03:38:11.3473233Z,5abc7f35-42b1-4339-ba22-780fd380947f,Trade,Buy,19.92,818,1682
2025-07-24T03:38:11.3473233Z,cc92f604-dfc1-4aa7-9637-af48a40663e4,Cancel,Buy,19.88,0,0
2025-07-24T03:38:11.3573233Z,ab73cca8-f29f-4af4-8f70-832dc7e790d2,Trade,Sell,19.94,215,2285
2025-07-24T03:38:11.3573233Z,4b3caf76-69ab-4446-a396-36341ebed615,Cancel,Sell,20.05,0,0
2025-07-24T03:38:11.3673233Z,5abc7f35-42b1-4339-ba22-780fd380947f,Trade,Buy,19.92,1682,0
2025-07-24T03:38:11.3673233Z,f3c80826-fb59-40d6-95c8-5b097f05da3c,Trade,Buy,19.92,818,0
2025-07-24T03:38:11.3673233Z,1edb0a31-9185-494f-a1c4-b5138636c26a,Trade,Buy,19.91,2152,0
2025-07-24T03:38:11.3673233Z,a3f0b461-a889-464e-9da2-f3ab91813b8f,Trade,Buy,19.90,1292,560
2025-07-24T03:38:11.3773233Z,1c58b00e-0e88-40bb-8496-76b15383b838,New,Sell,19.93,0,6192
2025-07-24T03:38:11.3873233Z,7748cd2f-420b-441c-9381-8080ec7f3779,Trade,Buy,19.91,228,2272
2025-07-24T03:38:11.3973233Z,1da4a678-71b8-419d-b2bb-669a0ee1cf59,Trade,Buy,19.91,532,1968
2025-07-24T03:38:11.3973233Z,42b2c9c1-28d3-4fdf-b222-6377b86e4886,Cancel,Buy,19.89,0,0
2025-07-24T03:38:11.4073233Z,b53a87d3-bff1-4bc4-b5b9-8ff587826c0d,New,Sell,19.93,0,164
2025-07-24T03:38:11.4173233Z,1c58b00e-0e88-40bb-8496-76b15383b838,Trade,Sell,19.93,1988,4204
2025-07-24T03:38:11.4273233Z,8a31c52a-79ae-49e2-85ca-1eb57619ef75,Trade,Buy,19.91,229,2271
2025-07-24T03:38:11.4373233Z,1e4b7ff3-8eb8-41df-840a-85aff4d10e3b,New,Sell,19.92,0,207
2025-07-24T03:38:11.4473233Z,404f954f-1c17-4deb-8bca-6852ded3ea2a,New,Buy,19.91,0,2413
2025-07-24T03:38:11.4473233Z,5d86c423-f666-4c04-b467-2bdb7fd8fd7f,Cancel,Sell,19.95,0,0
2025-07-24T03:38:11.4573233Z,404f954f-1c17-4deb-8bca-6852ded3ea2a,Trade,Buy,19.91,1906,507
2025-07-24T03:38:11.4673233Z,47343f86-fbc7-4d5c-b159-f291971de98d,New,Sell,19.93,0,387
2025-07-24T03:38:11.4773233Z,af9461a1-3232-486f-8a50-e7f5f8216e62,New,Sell,19.92,0,922
2025-07-24T03:38:11.4873233Z,99b8405d-6c17-4396-99d8-dd9e237a1b7a,New,Buy,19.88,0,759
2025-07-24T03:38:11.4873233Z,f60b4c31-54cb-40a0-a76f-e1f1c2957c06,Cancel,Sell,19.99,0,0
2025-07-24T03:38:11.4973233Z,404f954f-1c17-4deb-8bca-6852ded3ea2a,Trade,Buy,19.91,507,0
2025-07-24T03:38:11.4973233Z,3cc1af7b-794f-447e-9319-4aa47ac07ce9,Trade,Buy,19.91,1407,1093
2025-07-24T03:38:11.4973233Z,7709bea7-058b-4c88-ab19-f5e6e964ef45,Cancel,Sell,20.00,0,0
2025-07-24T03:38:11.4973233Z,c2652e61-8283-40fa-bdfe-6141cc2ce458,Cancel,Sell,20.01,0,0
2025-07-24T03:38:11.5073233Z,f395dc7b-116c-4be0-8ecd-8f514668ccf8,Trade,Buy,19.90,1908,592
2025-07-24T03:38:11.5173233Z,3ba08b11-0345-47b6-ac78-ab1938c38f64,Trade,Buy,19.90,393,2107
2025-07-24T03:38:11.5173233Z,1e4b7ff3-8eb8-41df-840a-85aff4d10e3b,Cancel,Sell,19.92,0,0
2025-07-24T03:38:11.5173233Z,ceb3bb1d-d891-4c8b-a263-067c49209efe,Cancel,Sell,20.01,0,0
2025-07-24T03:38:11.5273233Z,1e28cd5b-5a9a-4e7f-a3b9-92aaaa535537,Trade,Buy,19.90,2500,0
2025-07-24T03:38:11.5273233Z,3b724d43-ffb3-473f-91d6-776603c97986,Trade,Buy,19.90,345,0
2025-07-24T03:38:11.5273233Z,ea01b79b-2b18-47ea-81c5-bd4fd274327d,Trade,Buy,19.89,567,1585
2025-07-24T03:38:11.5373233Z,735e5ce6-a77d-4fca-b05b-57bb81863da4,New,Sell,19.92,0,884
2025-07-24T03:38:11.5373233Z,83e7d211-e628-4ce7-820a-c03adf11dd47,Cancel,Sell,20.02,0,0
2025-07-24T03:38:11.5373233Z,8ec04fb5-f90f-498f-accd-ca3fe5f08803,Cancel,Sell,20.00,0,0
2025-07-24T03:38:11.5473233Z,ff503eb6-e0e9-43d4-9b7f-38ece5a71fc9,New,Sell,19.91,0,8331
2025-07-24T03:38:11.5573233Z,0d064353-526f-4b4e-8010-4b6dacad6837,New,Buy,19.89,0,212
2025-07-24T03:38:11.5673233Z,b6caac54-e300-46b8-a1ef-f63261556a1f,New,Sell,19.92,0,273
2025-07-24T03:38:11.5773233Z,a68c7447-b356-464f-96c6-4183f0bafbbd,Trade,Buy,19.89,340,2160
2025-07-24T03:38:11.5773233Z,bae06f43-a777-48a9-b6ac-34a0e1b11db5,Cancel,Sell,20.02,0,0
2025-07-24T03:38:11.5773233Z,0d064353-526f-4b4e-8010-4b6dacad6837,Cancel,Buy,19.89,0,0
2025-07-24T03:38:11.5873233Z,975e9615-e783-4d99-9490-f456289b2fc9,New,Sell,19.90,0,4623
2025-07-24T03:38:11.5973233Z,2edc80fc-f6db-447a-bb17-ba5d5f292340,Trade,Buy,19.89,2500,0
2025-07-24T03:38:11.5973233Z,99b8405d-6c17-4396-99d8-dd9e237a1b7a,Trade,Buy,19.88,356,403
2025-07-24T03:38:11.6073233Z,99b8405d-6c17-4396-99d8-dd9e237a1b7a,Trade,Buy,19.88,403,0
2025-07-24T03:38:11.6073233Z,2c540184-fa10-4e67-aef9-477849306cd0,Trade,Buy,19.88,1113,1387
2025-07-24T03:38:11.6173233Z,2c540184-fa10-4e67-aef9-477849306cd0,Trade,Buy,19.88,1016,371
2025-07-24T03:38:11.6273233Z,975e9615-e783-4d99-9490-f456289b2fc9,Trade,Sell,19.90,426,4197
2025-07-24T03:38:11.6373233Z,1526a981-28bd-43b3-b7d9-43f35bacee44,New,Sell,19.93,0,2712
2025-07-24T03:38:11.6473233Z,5e05cff2-fd10-4bee-b4bd-706b67ae48a6,Trade,Buy,19.88,944,169
2025-07-24T03:38:11.6573233Z,7d5b7dd7-85aa-40a9-baba-0186be49c45c,New,Sell,19.90,0,235
2025-07-24T03:38:11.6673233Z,d02a6fa4-b0a7-4908-b9f6-84fa37eae81d,Trade,Sell,19.90,717,1783
2025-07-24T03:38:11.6773233Z,975e9615-e783-4d99-9490-f456289b2fc9,Trade,Sell,19.90,657,3540
2025-07-24T03:38:11.6773233Z,2406491d-8e55-4c60-8b50-10b9ecdaca0a,Cancel,Sell,20.01,0,0
2025-07-24T03:38:11.6873233Z,7d5b7dd7-85aa-40a9-baba-0186be49c45c,Trade,Sell,19.90,235,0
2025-07-24T03:38:11.6873233Z,d02a6fa4-b0a7-4908-b9f6-84fa37eae81d,Trade,Sell,19.90,1783,0
2025-07-24T03:38:11.6873233Z,8b3c3ab1-1640-4e6a-b77e-60aa129f42fb,Trade,Sell,19.90,717,0
2025-07-24T03:38:11.6873233Z,975e9615-e783-4d99-9490-f456289b2fc9,Trade,Sell,19.90,660,2880
2025-07-24T03:38:11.6973233Z,2c540184-fa10-4e67-aef9-477849306cd0,Trade,Buy,19.88,371,0
2025-07-24T03:38:11.6973233Z,62c4f86f-658f-4397-9ba1-af797301bbf3,Trade,Buy,19.88,1016,0
2025-07-24T03:38:11.6973233Z,5e05cff2-fd10-4bee-b4bd-706b67ae48a6,Trade,Buy,19.88,169,0
2025-07-24T03:38:11.6973233Z,52a1455e-994d-4054-8559-4fc738206d04,Trade,Buy,19.88,944,0
2025-07-24T03:38:11.6973233Z,ccdf97f2-b4c0-4527-b106-f17c9f1056be,Trade,Buy,19.87,174,1978
2025-07-24T03:38:11.7073233Z,fefbd1a5-4a4c-45e4-9ec5-b5277cf01827,New,Sell,19.89,0,474
2025-07-24T03:38:11.7173233Z,fefbd1a5-4a4c-45e4-9ec5-b5277cf01827,Trade,Sell,19.89,474,0
2025-07-24T03:38:11.7173233Z,11413327-8308-4c0d-b9ba-8249d766fda4,Trade,Sell,19.89,2500,0
2025-07-24T03:38:11.7173233Z,975e9615-e783-4d99-9490-f456289b2fc9,Trade,Sell,19.90,2385,495
2025-07-24T03:38:11.7273233Z,e5d9cfa8-0e0f-4f8b-9aee-0a284b794471,New,Sell,19.89,0,2341
2025-07-24T03:38:11.7373233Z,36dd556b-0254-4fc0-92ac-cc49178cb704,New,Buy,19.86,0,696
2025-07-24T03:38:11.7473233Z,d3576d5b-7ecb-423d-afe8-c4b01aa70e9f,Trade,Buy,19.87,177,2323
2025-07-24T03:38:11.7573233Z,ffbdde6c-8916-4d40-8ad0-70cfdecd1da0,New,Sell,19.90,0,810
2025-07-24T03:38:11.7673233Z,849a437b-550f-4647-95e7-f289692a5cbd,New,Sell,19.89,0,911
2025-07-24T03:38:11.7773233Z,21e933eb-6cd8-470f-a057-ccbd1fa31a9c,Trade,Buy,19.87,2213,287
2025-07-24T03:38:11.7873233Z,95835554-d77b-468b-93e7-74b92475028d,New,Buy,19.87,0,621
2025-07-24T03:38:11.7973233Z,92ab7eb0-ef88-4ea8-95ee-2e9e595a58f6,New,Buy,19.85,0,746
2025-07-24T03:38:11.8073233Z,e5d9cfa8-0e0f-4f8b-9aee-0a284b794471,Trade,Sell,19.89,1033,1308
2025-07-24T03:38:11.8173233Z,4aba2d74-8448-479e-a1b5-29ecafea9366,Trade,Buy,19.87,91,2409
2025-07-24T03:38:11.8173233Z,8f6067cd-0604-4a8a-8658-21087acdc013,Cancel,Sell,20.09,0,0
2025-07-24T03:38:11.8273233Z,7bd43b33-fd67-43c4-b042-d1f0df488917,Trade,Buy,19.87,1751,749
2025-07-24T03:38:11.8373233Z,849a437b-550f-4647-95e7-f289692a5cbd,Trade,Sell,19.89,851,60
2025-07-24T03:38:11.8373233Z,fba6e9e1-d24d-4b5c-8c09-e1c5fdc25388,Cancel,Sell,19.95,0,0
2025-07-24T03:38:11.8473233Z,987118b4-d663-4ea9-a4ca-4765da45bef4,Trade,Buy,19.87,2129,371
2025-07-24T03:38:11.8473233Z,47343f86-fbc7-4d5c-b159-f291971de98d,Cancel,Sell,19.93,0,0
2025-07-24T03:38:11.8573233Z,5fd9c870-6a1b-43e9-bc16-9e2e7c9aaf3d,New,Sell,19.90,0,443
2025-07-24T03:38:11.8673233Z,8f6c25a3-1e78-492e-84a9-874f9116fd98,New,Buy,19.86,0,259
2025-07-24T03:38:11.8773233Z,8a90532a-7947-4483-9b6f-42cf64a90ba2,Trade,Buy,19.87,153,2347
2025-07-24T03:38:11.8873233Z,cfabaa6b-23ff-4555-ac50-2d6e214d62d0,Trade,Buy,19.87,2433,67
2025-07-24T03:38:11.8973233Z,9e5666cf-30df-42bf-bc08-d4d3a3d3ec0e,New,Sell,19.88,0,4779
2025-07-24T03:38:11.9073233Z,b52070e6-68f7-48c1-86a6-7e7344dac744,New,Sell,19.88,0,569
2025-07-24T03:38:11.9173233Z,eba043b5-6ea1-45eb-99bf-6f62583c7a6a,New,Sell,19.89,0,1660
2025-07-24T03:38:11.9273233Z,c8cbc1e5-d87f-48fc-b37b-f24022bc68d8,New,Sell,19.89,0,401
2025-07-24T03:38:11.9273233Z,0a9d6705-e8fe-4845-92d7-436c61d644ed,Cancel,Sell,19.97,0,0
2025-07-24T03:38:11.9373233Z,95835554-d77b-468b-93e7-74b92475028d,Trade,Buy,19.87,621,0
2025-07-24T03:38:11.9373233Z,7ed30a88-2239-4219-a96f-82d09fed2694,Trade,Buy,19.87,1922,578
2025-07-24T03:38:11.9473233Z,9e5666cf-30df-42bf-bc08-d4d3a3d3ec0e,Trade,Sell,19.88,4779,0
2025-07-24T03:38:11.9473233Z,b52070e6-68f7-48c1-86a6-7e7344dac744,Trade,Sell,19.88,569,0
2025-07-24T03:38:11.9473233Z,686caa29-6bb7-4b57-a81f-80b05caed552,Trade,Sell,19.88,2500,0
2025-07-24T03:38:11.9473233Z,e5d9cfa8-0e0f-4f8b-9aee-0a284b794471,Trade,Sell,19.89,1308,0
2025-07-24T03:38:11.9473233Z,849a437b-550f-4647-95e7-f289692a5cbd,Trade,Sell,19.89,60,0
2025-07-24T03:38:11.9473233Z,eba043b5-6ea1-45eb-99bf-6f62583c7a6a,Trade,Sell,19.89,1660,0
2025-07-24T03:38:11.9473233Z,c8cbc1e5-d87f-48fc-b37b-f24022bc68d8,Trade,Sell,19.89,401,0
2025-07-24T03:38:11.9473233Z,c8822e86-2983-434a-8cad-2c4abf794ef0,Trade,Sell,19.89,2152,0
2025-07-24T03:38:11.9473233Z,975e9615-e783-4d99-9490-f456289b2fc9,Trade,Sell,19.90,495,0
2025-07-24T03:38:11.9473233Z,ffbdde6c-8916-4d40-8ad0-70cfdecd1da0,Trade,Sell,19.90,810,0
2025-07-24T03:38:11.9473233Z,5fd9c870-6a1b-43e9-bc16-9e2e7c9aaf3d,Trade,Sell,19.90,443,0
2025-07-24T03:38:11.9473233Z,59df5684-878e-45d3-acaf-67f1a26b0fa1,Trade,Sell,19.90,1852,0
2025-07-24T03:38:11.9473233Z,ff503eb6-e0e9-43d4-9b7f-38ece5a71fc9,Trade,Sell,19.91,8331,0
2025-07-24T03:38:11.9473233Z,d4901c6c-d2a8-4dc6-bd44-f13a2576116c,Trade,Sell,19.91,1594,0
2025-07-24T03:38:11.9473233Z,af9461a1-3232-486f-8a50-e7f5f8216e62,Trade,Sell,19.92,922,0
2025-07-24T03:38:11.9473233Z,735e5ce6-a77d-4fca-b05b-57bb81863da4,Trade,Sell,19.92,884,0
2025-07-24T03:38:11.9473233Z,b6caac54-e300-46b8-a1ef-f63261556a1f,Trade,Sell,19.92,273,0
2025-07-24T03:38:11.9473233Z,d87bd8fd-7bab-456f-9347-e44adb2c2c1a,Trade,Sell,19.92,1372,0
2025-07-24T03:38:11.9473233Z,b53a87d3-bff1-4bc4-b5b9-8ff587826c0d,Trade,Sell,19.93,164,0
2025-07-24T03:38:11.9473233Z,1c58b00e-0e88-40bb-8496-76b15383b838,Trade,Sell,19.93,4204,0
2025-07-24T03:38:11.9473233Z,1526a981-28bd-43b3-b7d9-43f35bacee44,Trade,Sell,19.93,2712,0
2025-07-24T03:38:11.9473233Z,3396bf28-d084-4bd6-91fd-7288a6f868ac,Trade,Sell,19.93,1181,0
2025-07-24T03:38:11.9473233Z,28047a4f-cf85-4ad7-8c83-1b138508ae14,Trade,Sell,19.94,1016,0
2025-07-24T03:38:11.9473233Z,c22700c9-b9c5-4845-9959-6cf57ab99d56,Trade,Sell,19.95,875,0
2025-07-24T03:38:11.9473233Z,2bcc8d4f-4857-4254-9b3c-feef83bafd27,Trade,Sell,19.96,5741,0
2025-07-24T03:38:11.9473233Z,5db023cb-1e36-4f31-9ea4-1293cabb7647,Trade,Sell,19.96,753,0
2025-07-24T03:38:11.9473233Z,009079f0-0cce-4c49-bede-3221aedf4cd2,Trade,Sell,19.97,824,0
2025-07-24T03:38:11.9473233Z,4632a576-e174-4da8-8b5b-63dbd2a90bcb,Trade,Sell,19.97,648,0
2025-07-24T03:38:11.9473233Z,7583e275-7893-41f3-8f6a-98c86bd3b51f,Trade,Sell,19.98,72,0
2025-07-24T03:38:11.9473233Z,e982af0e-9bfa-4128-839a-5b5cc3ee4b76,Trade,Sell,19.98,4754,0
2025-07-24T03:38:11.9473233Z,6a4cdc74-b578-4166-aa20-5cd94b2c8d11,Trade,Sell,19.98,6680,0
2025-07-24T03:38:11.9473233Z,e52868d2-5360-478e-ab88-9d3d268631f7,Trade,Sell,19.99,303,0
2025-07-24T03:38:11.9473233Z,6bf5f0e1-119e-45f3-9136-e112f7594818,Trade,Sell,20.00,1867,0
2025-07-24T03:38:11.9473233Z,30b85452-83d2-4513-a06c-5cbd12a2844a,Trade,Sell,20.00,792,0
2025-07-24T03:38:11.9473233Z,e01e9164-3128-49d1-b48d-2c10896d95be,Trade,Sell,20.00,466,0
2025-07-24T03:38:11.9473233Z,023d4879-f234-4758-a271-0d27f9a4a812,Trade,Sell,20.00,492,0
2025-07-24T03:38:11.9473233Z,efcbc78d-38a2-43f3-80d7-f132815ec4ae,Trade,Sell,20.00,1820,0
2025-07-24T03:38:11.9473233Z,3e6ec16d-92e4-426d-aa22-26ea3a1ce17e,Trade,Sell,20.01,12364,0
2025-07-24T03:38:11.9473233Z,2f36ae18-e6d6-476e-aff8-543af434537d,Trade,Sell,20.01,814,0
2025-07-24T03:38:11.9473233Z,73672335-e572-4716-b1eb-10a79bc2247e,Trade,Sell,20.02,975,0
2025-07-24T03:38:11.9473233Z,1d3ae2fd-f2d0-412f-a140-1679f2f15262,Trade,Sell,20.02,330,0
2025-07-24T03:38:11.9473233Z,70808028-2692-46a7-b526-19af9d58a3ef,Trade,Sell,20.02,1698,0
2025-07-24T03:38:11.9473233Z,080c16f8-d547-4a19-b0c1-7210d3195dd2,Trade,Sell,20.03,862,0
2025-07-24T03:38:11.9473233Z,f7037f3c-e352-4bc9-8a48-0496c52bcf41,Trade,Sell,20.03,2529,0
2025-07-24T03:38:11.9473233Z,14276d02-7648-4daf-9f07-b274ad1f14a0,Trade,Sell,20.04,440,0
2025-07-24T03:38:11.9473233Z,b16ac250-675e-48f1-a601-8ffc2eeb722f,Trade,Sell,20.04,903,0
2025-07-24T03:38:11.9473233Z,573b859b-7c61-4567-9921-9f9406c08493,Trade,Sell,20.06,6070,0
2025-07-24T03:38:11.9473233Z,992f6316-8fc3-4d74-a98e-03c478766094,Trade,Sell,20.06,1076,0
2025-07-24T03:38:11.9473233Z,510489eb-a9ec-4946-ac6e-930d04b117be,Trade,Sell,20.09,180,0
2025-07-24T03:38:11.9573233Z,20919aa5-2f89-4824-898f-f82480c21c1a,New,Buy,19.85,0,406
2025-07-24T03:38:11.9573233Z,950f5c40-7363-472f-aedb-e17f32a8262e,Cancel,Buy,19.76,0,0
2025-07-24T03:38:11.9673233Z,e506809d-9c70-40b9-901a-69aed35ff917,New,Sell,19.87,0,2515
2025-07-24T03:38:11.9773233Z,7ea2efe1-0f97-4a78-87e3-2a9fb945b539,New,Buy,19.85,0,788
2025-07-24T03:38:11.9873233Z,8f6c25a3-1e78-492e-84a9-874f9116fd98,Trade,Buy,19.86,259,0
2025-07-24T03:38:11.9873233Z,dae3c16e-cdd7-4bbd-95e1-cb01adc0f6cd,Trade,Buy,19.86,1469,1031
2025-07-24T03:38:11.9873233Z,36dd556b-0254-4fc0-92ac-cc49178cb704,Cancel,Buy,19.86,0,0
2025-07-24T03:38:11.9973233Z,e506809d-9c70-40b9-901a-69aed35ff917,Trade,Sell,19.87,673,1842
2025-07-24T03:38:12.0073233Z,37a782a7-d9a4-496f-a4e7-91520f273dd0,New,Sell,19.87,0,997
2025-07-24T03:38:12.0173233Z,2661dca8-5347-48cf-98d0-68d0894080c4,New,Buy,19.86,0,845
2025-07-24T03:38:12.0273233Z,3992415e-67f0-4166-a629-3712e0c03cd5,New,Buy,19.85,0,290
2025-07-24T03:38:12.0373233Z,e506809d-9c70-40b9-901a-69aed35ff917,Trade,Sell,19.87,1150,692
2025-07-24T03:38:12.0473233Z,43b95e10-a8d1-451c-988b-eae4246d5fee,New,Buy,19.85,0,361
2025-07-24T03:38:12.0573233Z,37a782a7-d9a4-496f-a4e7-91520f273dd0,Trade,Sell,19.87,198,799
2025-07-24T03:38:12.0573233Z,e4c695dc-7e8b-4cb4-a106-ceb666c89ea3,Cancel,Sell,19.92,0,0
2025-07-24T03:38:12.0673233Z,2661dca8-5347-48cf-98d0-68d0894080c4,Trade,Buy,19.86,533,312
2025-07-24T03:38:12.0773233Z,e506809d-9c70-40b9-901a-69aed35ff917,Trade,Sell,19.87,692,0
2025-07-24T03:38:12.0773233Z,37a782a7-d9a4-496f-a4e7-91520f273dd0,Trade,Sell,19.87,799,0
2025-07-24T03:38:12.0773233Z,08848756-c62e-475a-9cbf-b42a282c9486,Trade,Sell,19.88,1556,944
2025-07-24T03:38:12.0873233Z,435c6770-81c9-4304-b6a8-beb51386b384,Trade,Sell,19.88,364,2136
2025-07-24T03:38:12.0973233Z,60381362-51c5-4bbe-a54c-16de1ffcbf4b,New,Buy,19.85,0,1604
2025-07-24T03:38:12.1073233Z,a45b02e2-4ffb-48a3-b8fd-c66f3e0b685d,New,Buy,19.86,0,543
2025-07-24T03:38:12.1173233Z,d524c8de-2ed6-4ae6-b9e5-e109f881c679,New,Buy,19.86,0,642
2025-07-24T03:38:12.1273233Z,beba2052-7608-4f13-824e-1e7e47e5df05,Trade,Sell,19.88,1208,1292
2025-07-24T03:38:12.1373233Z,52e0d85f-fb86-462e-a934-6ee7dc9c1119,Trade,Sell,19.88,360,2140
2025-07-24T03:38:12.1473233Z,4d66470a-f600-4c25-8e98-3810da996cf5,Trade,Sell,19.88,436,2064
2025-07-24T03:38:12.1573233Z,6448b87a-52e7-49ab-89f4-4b80302855bb,Trade,Sell,19.88,94,2406
2025-07-24T03:38:12.1673233Z,3f00025e-b10d-40a2-a4ba-4f93bac00dde,New,Buy,19.86,0,1236
2025-07-24T03:38:12.1773233Z,edf59cd3-d3b3-45e3-b51d-b0651d542ed1,Trade,Sell,19.88,343,2157
2025-07-24T03:38:12.1773233Z,8ef2c10c-dcb4-4800-b2b0-c580621209e0,Cancel,Buy,19.79,0,0
2025-07-24T03:38:12.1873233Z,f463581c-bc1b-403c-86fb-8eb1524cd67d,New,Sell,19.89,0,3624
2025-07-24T03:38:12.1973233Z,17de3b44-f3a8-4a4d-af4b-4b9efdad6fda,Trade,Sell,19.88,1110,1390
2025-07-24T03:38:12.2073233Z,2a9322bc-1bd4-435f-9f0c-84a9b788a228,New,Buy,19.82,0,1394
2025-07-24T03:38:12.2173233Z,638963da-f99b-4daf-beaa-87584f5b53f8,Trade,Sell,19.88,491,2009
2025-07-24T03:38:12.2173233Z,a552c61d-eba8-43cd-8e1b-15ca0f4e4208,Cancel,Buy,19.78,0,0
2025-07-24T03:38:12.2273233Z,8e8299f2-678f-42c3-ba5e-84bd81dd6d51,Trade,Sell,19.88,2500,0
2025-07-24T03:38:12.2273233Z,7ac9e8c6-7f23-46e8-9a84-77721990a10a,Trade,Sell,19.89,386,1766
2025-07-24T03:38:12.2373233Z,4fb57dbc-e403-4224-af7a-4e704c2bbed0,New,Buy,19.86,0,2730
2025-07-24T03:38:12.2473233Z,919a1256-6570-487c-8e21-44340fc37457,New,Buy,19.87,0,1143
2025-07-24T03:38:12.2573233Z,7b39864f-127c-432e-8363-c789ed6800e1,New,Buy,19.86,0,1135
2025-07-24T03:38:12.2673233Z,174c5a9d-4ae1-4bf0-9d7c-21a967b05a39,Trade,Sell,19.89,2500,0
2025-07-24T03:38:12.2673233Z,f463581c-bc1b-403c-86fb-8eb1524cd67d,Trade,Sell,19.89,2950,674
2025-07-24T03:38:12.2773233Z,f463581c-bc1b-403c-86fb-8eb1524cd67d,Trade,Sell,19.89,674,0
2025-07-24T03:38:12.2773233Z,a97ba162-cbb6-428b-bc32-94ab311df56d,Trade,Sell,19.89,2385,115
2025-07-24T03:38:12.2873233Z,a97ba162-cbb6-428b-bc32-94ab311df56d,Trade,Sell,19.89,115,0
2025-07-24T03:38:12.2873233Z,c13aca96-c9bd-4265-9734-588862a66b19,Trade,Sell,19.89,2385,0
2025-07-24T03:38:12.2873233Z,64e17875-15e8-4dac-9ec4-6219c7e8233f,Trade,Sell,19.90,2152,0
2025-07-24T03:38:12.2873233Z,2ad4a7c3-0405-4137-9690-0f0e46ed9ed5,Trade,Sell,19.91,1663,189
2025-07-24T03:38:12.2873233Z,943dd0e0-deff-448d-a98c-c8df079bae79,Cancel,Buy,19.80,0,0
2025-07-24T03:38:12.2973233Z,14f46b1c-3f1f-4263-980c-15352cbff76c,Trade,Sell,19.90,680,1820
2025-07-24T03:38:12.3073233Z,d900f899-c480-47b7-997f-e735b8b54207,New,Buy,19.88,0,1299
2025-07-24T03:38:12.3173233Z,f1e125b2-a63c-43e1-8c11-db52f76e7cf4,New,Buy,19.89,0,307
2025-07-24T03:38:12.3173233Z,858f00e9-36b6-40f9-b895-d62ec750339e,Cancel,Sell,19.97,0,0
2025-07-24T03:38:12.3273233Z,c429816f-f4b6-4bb2-9097-a9ab3848b171,New,Buy,19.88,0,3466
2025-07-24T03:38:12.3373233Z,944e3fff-d3e2-4921-a635-d9099d7dc175,Trade,Sell,19.91,2500,0
2025-07-24T03:38:12.3373233Z,7940a8fb-db08-4178-94c9-9ca871195082,Trade,Sell,19.92,1513,639
2025-07-24T03:38:12.3473233Z,ba15d121-92d5-4625-9ec7-363fa3325920,New,Buy,19.89,0,2644
2025-07-24T03:38:12.3573233Z,aa8e1e1b-aa2c-4256-b924-a5a7b4436582,Trade,Sell,19.91,1878,622
2025-07-24T03:38:12.3673233Z,aa8e1e1b-aa2c-4256-b924-a5a7b4436582,Trade,Sell,19.91,622,0
2025-07-24T03:38:12.3673233Z,25db4e78-eeef-4b2c-ba63-4ced15079f60,Trade,Sell,19.91,258,1620
2025-07-24T03:38:12.3673233Z,57b2c7d2-4db6-429d-a012-2fae8a369a2f,Cancel,Buy,19.82,0,0
2025-07-24T03:38:12.3773233Z,ab1a82c7-27d8-4579-a65f-6807e6efaf61,New,Buy,19.89,0,1448
2025-07-24T03:38:12.3873233Z,e216d33b-b642-48f0-a54f-25ed6d77f0e2,New,Buy,19.87,0,707
2025-07-24T03:38:12.3973233Z,25db4e78-eeef-4b2c-ba63-4ced15079f60,Trade,Sell,19.91,370,1250
2025-07-24T03:38:12.4073233Z,19fcaae4-ae12-4f57-bd68-e56b4ae585da,New,Buy,19.89,0,1707
2025-07-24T03:38:12.4173233Z,61b11029-baf1-4faf-988c-99416019bf6c,Trade,Sell,19.91,880,0
2025-07-24T03:38:12.4173233Z,25db4e78-eeef-4b2c-ba63-4ced15079f60,Trade,Sell,19.91,490,760
2025-07-24T03:38:12.4273233Z,0cf8178e-e67f-4889-bda9-af04d3cb1295,New,Sell,19.93,0,871
2025-07-24T03:38:12.4273233Z,d900f899-c480-47b7-997f-e735b8b54207,Cancel,Buy,19.88,0,0
2025-07-24T03:38:12.4373233Z,064603f3-8145-4faf-aa69-c13b18fa0792,New,Buy,19.88,0,839
2025-07-24T03:38:12.4373233Z,37bd4203-152f-4565-a856-2433ff55d97f,Cancel,Sell,19.92,0,0
2025-07-24T03:38:12.4473233Z,a43732ad-07a6-40ce-bfa3-fad07dcddfa0,New,Buy,19.90,0,3263
2025-07-24T03:38:12.4573233Z,9f1ced7a-d0d9-4acb-bdda-19c50af3d2e9,New,Buy,19.89,0,2249
2025-07-24T03:38:12.4673233Z,d0be94cd-f237-4230-b36d-f33d79d64c89,New,Sell,19.93,0,7984
2025-07-24T03:38:12.4773233Z,f9a62366-fdad-47cb-8620-4de021e875d8,New,Buy,19.90,0,1876
2025-07-24T03:38:12.4773233Z,e1ffdf36-1eea-4b75-ba43-8a4da8253643,Cancel,Sell,19.98,0,0
2025-07-24T03:38:12.4873233Z,03a15c63-d1a0-4b82-b95b-7159584284a9,New,Buy,19.90,0,69
2025-07-24T03:38:12.4973233Z,eedb12aa-8932-4e7c-bcca-fde042bbf2e3,New,Buy,19.90,0,855
2025-07-24T03:38:12.5073233Z,dfca19d6-29c0-4cdc-9361-cd1363fbbfa0,Trade,Sell,19.92,637,1863
2025-07-24T03:38:12.5073233Z,92ab7eb0-ef88-4ea8-95ee-2e9e595a58f6,Cancel,Buy,19.85,0,0
2025-07-24T03:38:12.5173233Z,338ad7bb-a072-4504-bd2e-be2175773d06,New,Buy,19.91,0,1124
2025-07-24T03:38:12.5173233Z,2a9322bc-1bd4-435f-9f0c-84a9b788a228,Cancel,Buy,19.82,0,0
2025-07-24T03:38:12.5273233Z,9b38ca56-cb33-4d5f-bb0f-e45c5c824a33,New,Buy,19.91,0,3805
2025-07-24T03:38:12.5373233Z,535c4efe-648c-43b0-9382-4ae16704cfc5,Trade,Sell,19.93,370,2130
2025-07-24T03:38:12.5473233Z,bb0b9535-54c1-49fc-9f93-5f3227da65b5,Trade,Sell,19.93,2500,0
2025-07-24T03:38:12.5473233Z,0cf8178e-e67f-4889-bda9-af04d3cb1295,Trade,Sell,19.93,871,0
2025-07-24T03:38:12.5473233Z,d0be94cd-f237-4230-b36d-f33d79d64c89,Trade,Sell,19.93,3874,4110
2025-07-24T03:38:12.5573233Z,d0be94cd-f237-4230-b36d-f33d79d64c89,Trade,Sell,19.93,115,3995
2025-07-24T03:38:12.5673233Z,619f8885-e66b-4108-b083-0e4f315ff106,New,Buy,19.90,0,4914
2025-07-24T03:38:12.5773233Z,470644d1-938a-4bc3-acf2-a2247aa25403,Trade,Sell,19.93,885,1615
2025-07-24T03:38:12.5873233Z,c443481e-e365-4ced-b74c-86e6ed3f183d,New,Buy,19.91,0,6035
2025-07-24T03:38:12.5873233Z,54db5138-c592-41dc-a378-eda781da0679,Cancel,Sell,19.99,0,0
2025-07-24T03:38:12.5973233Z,d0be94cd-f237-4230-b36d-f33d79d64c89,Trade,Sell,19.93,483,3512
2025-07-24T03:38:12.6073233Z,6287c68c-75bd-4f7c-a432-d080d77655f2,New,Buy,19.92,0,473
2025-07-24T03:38:12.6173233Z,d0be94cd-f237-4230-b36d-f33d79d64c89,Trade,Sell,19.93,3512,0
2025-07-24T03:38:12.6173233Z,d09826e0-5d0b-4596-9bb0-0972769e1062,Trade,Sell,19.94,507,1993
2025-07-24T03:38:12.6273233Z,cb03f254-e77e-43ea-89ca-e7389ba1be1f,New,Buy,19.92,0,475
2025-07-24T03:38:12.6373233Z,18bcb99a-f3fb-451a-8007-0aeba1d43db2,Trade,Sell,19.94,2500,0
2025-07-24T03:38:12.6373233Z,6fc70da7-f98a-4f28-b183-88900f8275f4,Trade,Sell,19.95,2152,0
2025-07-24T03:38:12.6373233Z,67f3d8f5-8942-4a18-87f9-2e3104ef2635,Trade,Sell,19.96,1852,0
2025-07-24T03:38:12.6373233Z,d8e01001-be92-4340-8ef0-b6267eb0bf91,Trade,Sell,19.97,98,1496
2025-07-24T03:38:12.6473233Z,38ba9634-f1bd-440f-88ab-83d89106b113,Trade,Buy,19.93,815,1685
2025-07-24T03:38:12.6473233Z,4fb57dbc-e403-4224-af7a-4e704c2bbed0,Cancel,Buy,19.86,0,0
2025-07-24T03:38:12.6573233Z,6bcb65a6-8b04-4687-996f-c3f6c05dad7f,New,Buy,19.91,0,1565
2025-07-24T03:38:12.6673233Z,8e959b9f-aa15-412c-80f5-faf82322ac56,Trade,Sell,19.95,737,1763
2025-07-24T03:38:12.6773233Z,41aa9c6c-e4b7-43d5-ba02-8f6f3b21268d,New,Buy,19.94,0,64
2025-07-24T03:38:12.6873233Z,41aa9c6c-e4b7-43d5-ba02-8f6f3b21268d,Trade,Buy,19.94,64,0
2025-07-24T03:38:12.6873233Z,79256e65-5edf-4b27-aecf-23846e2da9b2,Trade,Buy,19.94,547,1953
2025-07-24T03:38:12.6973233Z,e5f890d8-c4ef-40a6-83b5-d61bb39d245e,New,Buy,19.94,0,722
2025-07-24T03:38:12.7073233Z,0e7dd9a8-9d7d-40aa-8b73-a06139e4d052,New,Sell,19.95,0,194
2025-07-24T03:38:12.7173233Z,e5f890d8-c4ef-40a6-83b5-d61bb39d245e,Trade,Buy,19.94,413,309
2025-07-24T03:38:12.7273233Z,0e7dd9a8-9d7d-40aa-8b73-a06139e4d052,Trade,Sell,19.95,194,0
2025-07-24T03:38:12.7273233Z,20b211f2-9bf2-4313-94b7-106e5a64bc3d,Trade,Sell,19.96,420,2080
2025-07-24T03:38:12.7373233Z,5f5b9cc2-4439-4fa7-b830-ea14af45724f,New,Buy,19.92,0,4471
2025-07-24T03:38:12.7473233Z,64978ddc-d880-4440-bd96-1a62189b1b24,Trade,Sell,19.96,63,2437
2025-07-24T03:38:12.7573233Z,e8573a06-f1fd-47d4-9ae7-20719541b4f0,Trade,Sell,19.96,553,1947
2025-07-24T03:38:12.7673233Z,7e1f0897-abfd-43ac-ac9b-89faea3c4a92,Trade,Sell,19.96,273,2227
2025-07-24T03:38:12.7773233Z,f1558002-4d0f-4fb1-a18b-c95f551f5468,New,Buy,19.93,0,365
2025-07-24T03:38:12.7873233Z,45597455-c3c1-425c-b2f1-f9e9525d9c6f,Trade,Sell,19.96,965,1535
2025-07-24T03:38:12.7973233Z,2da95285-20d7-4af7-9d02-1be8c20e9e71,New,Buy,19.95,0,351
2025-07-24T03:38:12.8073233Z,dcb17def-eaa6-4df4-bee5-7ad6cc95b4bf,Trade,Sell,19.96,1075,1425
2025-07-24T03:38:12.8073233Z,91696af9-6061-4959-9cc5-8d65d52c5f09,Cancel,Sell,19.99,0,0
2025-07-24T03:38:12.8173233Z,85714b95-65ea-43ad-a3c6-b299e32a2409,New,Buy,19.95,0,376
2025-07-24T03:38:12.8173233Z,c443481e-e365-4ced-b74c-86e6ed3f183d,Cancel,Buy,19.91,0,0
2025-07-24T03:38:12.8273233Z,c0dec95a-4a05-4c10-b2d2-63bc4f0e2542,New,Sell,19.99,0,667
2025-07-24T03:38:12.8373233Z,21ab6f10-b40c-4ac6-9b12-bd86b55cd3a6,New,Buy,19.95,0,854
2025-07-24T03:38:12.8473233Z,5e424fc6-ce67-4ec9-8763-b5980f6ab0bb,Trade,Sell,19.97,2500,0
2025-07-24T03:38:12.8473233Z,e9cbba2d-def9-4047-a02b-8322b1303ea6,Trade,Sell,19.98,1032,1120
2025-07-24T03:38:12.8573233Z,0b4706ca-79de-4171-ad38-353d33a639a8,Trade,Sell,19.97,1006,1494
2025-07-24T03:38:12.8673233Z,c2b51571-b241-4707-8998-2b74a00bd3ad,New,Sell,19.96,0,50
2025-07-24T03:38:12.8773233Z,c2b51571-b241-4707-8998-2b74a00bd3ad,Trade,Sell,19.96,50,0
2025-07-24T03:38:12.8773233Z,1d8cec2b-0d19-4cfc-b911-4ce571e6ddbd,Trade,Sell,19.97,2500,0
2025-07-24T03:38:12.8773233Z,fd5c9950-17df-4720-b281-e50d75d37f75,Trade,Sell,19.98,2152,0
2025-07-24T03:38:12.8773233Z,0766af15-611f-4aff-81ee-6d0e191835fb,Trade,Sell,19.99,1852,0
2025-07-24T03:38:12.8773233Z,c0dec95a-4a05-4c10-b2d2-63bc4f0e2542,Trade,Sell,19.99,667,0
2025-07-24T03:38:12.8773233Z,c70bc680-660a-4dc0-80d1-f8b26f5d21c8,Trade,Sell,20.00,1594,0
2025-07-24T03:38:12.8773233Z,0d492870-af9f-4d43-9bcc-f4596114cec3,Trade,Sell,20.01,1372,0
2025-07-24T03:38:12.8773233Z,ecd29e3e-9c6c-4e22-bb4b-2b03eb438a6e,Trade,Sell,20.02,1181,0
2025-07-24T03:38:12.8773233Z,78aa41c3-f16a-4c6c-a60e-ba93fb4b6ca0,Trade,Sell,20.03,1016,0
2025-07-24T03:38:12.8773233Z,53aa010e-7d9b-4193-a085-41d67b0d4452,Trade,Sell,20.04,875,0
2025-07-24T03:38:12.8773233Z,d0fd76ee-9948-41e6-8343-3ca2621412a7,Trade,Sell,20.05,753,0
2025-07-24T03:38:12.8773233Z,3ad74e33-ace1-46fc-b8b5-2af21824f1aa,Trade,Sell,20.06,648,0
2025-07-24T03:38:12.8773233Z,19fcaae4-ae12-4f57-bd68-e56b4ae585da,Cancel,Buy,19.89,0,0
2025-07-24T03:38:12.8873233Z,89044c7d-7fc5-4fb2-adff-377953753b8a,Trade,Sell,19.96,163,2337
2025-07-24T03:38:12.8973233Z,361a2261-40e4-4fde-b5c9-d5c6421247f6,New,Buy,19.95,0,799
2025-07-24T03:38:12.9073233Z,ac08f3e2-0aa4-46c4-ae71-71e9c7722b04,New,Buy,19.94,0,278
2025-07-24T03:38:12.9073233Z,418e58e8-2c8c-45d9-8433-418cbd2bb93b,Cancel,Buy,19.94,0,0
2025-07-24T03:38:12.9173233Z,f66d810a-d4be-4c79-9c84-de45e085a786,Trade,Sell,19.97,2500,0
2025-07-24T03:38:12.9173233Z,4c31254c-f40e-4213-af8f-12c47f409d82,Trade,Sell,19.98,2152,0
2025-07-24T03:38:12.9173233Z,09f96b67-022c-4ad8-9c23-3208021810fd,Trade,Sell,19.99,1852,0
2025-07-24T03:38:12.9173233Z,5ca0ca9d-a7c0-4e7c-8d5b-0dc42e5d9dfa,Trade,Sell,20.00,1594,0
2025-07-24T03:38:12.9173233Z,5edc3079-536c-4cfc-b83d-37880201fe3d,Trade,Sell,20.01,1372,0
2025-07-24T03:38:12.9173233Z,f85b7604-cf26-4763-9438-453284986be8,Trade,Sell,20.02,1181,0
2025-07-24T03:38:12.9173233Z,f38967c6-ef0f-4328-b05e-a051e6445ad5,Trade,Sell,20.03,1016,0
2025-07-24T03:38:12.9173233Z,c51b2e28-86f5-4896-b056-e9ee879bfb2b,Trade,Sell,20.04,733,142
2025-07-24T03:38:12.9273233Z,6bea7f08-1bf1-4ad2-8d57-7429fa3dc9fe,Trade,Sell,20.00,2500,0
2025-07-24T03:38:12.9273233Z,44d397e8-7278-4c03-ba39-830513315d44,Trade,Sell,20.01,278,1874
2025-07-24T03:38:12.9373233Z,070f772e-4cd0-4b6f-bb8d-ed1cd39a3fad,New,Sell,20.02,0,11123
2025-07-24T03:38:12.9473233Z,a7a7350a-1f47-453f-8c57-9033c4d9d7cd,New,Buy,19.98,0,154
2025-07-24T03:38:12.9573233Z,e95b74bb-abb9-4fda-8a39-dd7ae60d5ede,Trade,Buy,19.99,208,2292
2025-07-24T03:38:12.9673233Z,f720bed6-a374-4c39-953a-3a24c8094063,New,Buy,19.97,0,311
2025-07-24T03:38:12.9773233Z,c8e35d86-7e52-4f08-b8d4-0b54afa84060,New,Sell,20.00,0,1552
2025-07-24T03:38:12.9873233Z,c8e35d86-7e52-4f08-b8d4-0b54afa84060,Trade,Sell,20.00,743,809
2025-07-24T03:38:12.9973233Z,3c52ce3a-e13e-44a8-8b67-152c355a85ac,New,Buy,19.97,0,989
2025-07-24T03:38:12.9973233Z,361a2261-40e4-4fde-b5c9-d5c6421247f6,Cancel,Buy,19.95,0,0
2025-07-24T03:38:13.0073233Z,a9d8e33b-e6dd-4a49-9590-6ce27dbbb479,New,Buy,19.98,0,443
2025-07-24T03:38:13.0073233Z,919a1256-6570-487c-8e21-44340fc37457,Cancel,Buy,19.87,0,0
2025-07-24T03:38:13.0073233Z,d524c8de-2ed6-4ae6-b9e5-e109f881c679,Cancel,Buy,19.86,0,0
2025-07-24T03:38:13.0173233Z,50efaedb-ac25-41f2-bd9b-90929a588d85,New,Sell,20.00,0,23175
2025-07-24T03:38:13.0273233Z,fd211cde-afd9-47ec-a9cd-286a09a9a7ea,Trade,Buy,19.98,906,1594
2025-07-24T03:38:13.0273233Z,cb03f254-e77e-43ea-89ca-e7389ba1be1f,Cancel,Buy,19.92,0,0
2025-07-24T03:38:13.0373233Z,0cafa8b0-cb2c-4a0e-b47d-e7a58ebd864a,New,Buy,19.96,0,2148
2025-07-24T03:38:13.0473233Z,42f8b7f4-1bc2-4e62-86f7-be7a0b1d7bad,Trade,Buy,19.98,1184,1316
2025-07-24T03:38:13.0573233Z,15f572de-d684-4615-8111-2297ca3658d7,Trade,Buy,19.98,31,2469
2025-07-24T03:38:13.0673233Z,6d26e931-7933-4aa5-84fc-642d01bad8da,New,Sell,20.00,0,796
2025-07-24T03:38:13.0773233Z,c8e35d86-7e52-4f08-b8d4-0b54afa84060,Trade,Sell,20.00,809,0
2025-07-24T03:38:13.0773233Z,50efaedb-ac25-41f2-bd9b-90929a588d85,Trade,Sell,20.00,168,23007
2025-07-24T03:38:13.0873233Z,6d26e931-7933-4aa5-84fc-642d01bad8da,Trade,Sell,20.00,341,455
2025-07-24T03:38:13.0973233Z,50efaedb-ac25-41f2-bd9b-90929a588d85,Trade,Sell,20.00,1080,21927
2025-07-24T03:38:13.1073233Z,0d7b2301-2d7a-4808-be3f-e498e7685e9f,Trade,Buy,19.98,120,2380
2025-07-24T03:38:13.1173233Z,079ec142-2e1a-4073-97fa-66db11cd9760,New,Sell,20.00,0,1177
2025-07-24T03:38:13.1173233Z,e1456d69-dd99-4b59-86a9-bb091f5fed2c,Cancel,Sell,20.09,0,0
2025-07-24T03:38:13.1273233Z,6d26e931-7933-4aa5-84fc-642d01bad8da,Trade,Sell,20.00,455,0
2025-07-24T03:38:13.1273233Z,50efaedb-ac25-41f2-bd9b-90929a588d85,Trade,Sell,20.00,501,21426
2025-07-24T03:38:13.1373233Z,4f0b5791-bd99-4c5f-b99f-359722897898,New,Buy,19.97,0,745
2025-07-24T03:38:13.1473233Z,a343daba-54f1-4c1a-aa57-ad571f0eee52,New,Buy,19.99,0,1510
2025-07-24T03:38:13.1573233Z,079ec142-2e1a-4073-97fa-66db11cd9760,Trade,Sell,20.00,404,773
2025-07-24T03:38:13.1573233Z,a9d8e33b-e6dd-4a49-9590-6ce27dbbb479,Cancel,Buy,19.98,0,0
2025-07-24T03:38:13.1673233Z,7d695998-d660-463f-a276-65781f4b9534,New,Buy,19.99,0,446
2025-07-24T03:38:13.1773233Z,c573dbb9-d538-4cf5-ae78-3709f72f4536,New,Sell,20.00,0,866
2025-07-24T03:38:13.1773233Z,e216d33b-b642-48f0-a54f-25ed6d77f0e2,Cancel,Buy,19.87,0,0
2025-07-24T03:38:13.1773233Z,9af03bfc-bf06-483d-9f5d-80b75b3f2173,Cancel,Buy,19.92,0,0
2025-07-24T03:38:13.1873233Z,a343daba-54f1-4c1a-aa57-ad571f0eee52,Trade,Buy,19.99,795,715
2025-07-24T03:38:13.1973233Z,f574b1c5-4a00-4853-856d-494aaca285bd,New,Sell,20.00,0,4598
2025-07-24T03:38:13.1973233Z,b26ff70c-77b1-4682-8207-407921c233c7,Cancel,Buy,19.96,0,0
2025-07-24T03:38:13.2073233Z,7d695998-d660-463f-a276-65781f4b9534,Trade,Buy,19.99,446,0
2025-07-24T03:38:13.2073233Z,a343daba-54f1-4c1a-aa57-ad571f0eee52,Trade,Buy,19.99,715,0
2025-07-24T03:38:13.2073233Z,7256822d-fc2d-413a-bb75-79c89805d2e7,Trade,Buy,19.99,558,1942
2025-07-24T03:38:13.2173233Z,8dbb81e3-c7fb-40c7-bb1b-5be1b1cddf3f,Trade,Buy,19.98,612,1888
2025-07-24T03:38:13.2173233Z,d6087a73-8a6d-4656-a432-772e79d66711,Cancel,Sell,20.04,0,0
2025-07-24T03:38:13.2273233Z,50efaedb-ac25-41f2-bd9b-90929a588d85,Trade,Sell,20.00,4059,17367
2025-07-24T03:38:13.2373233Z,e14ea384-14cd-4061-98d4-18674e966b25,New,Sell,20.00,0,792
2025-07-24T03:38:13.2373233Z,04058bd4-1052-45db-93c1-74ff1c58fcbf,Cancel,Sell,20.04,0,0
2025-07-24T03:38:13.2473233Z,0aa2ba96-66e5-4349-b06e-47072f0b30fd,New,Buy,19.99,0,12173
2025-07-24T03:38:13.2573233Z,dff31fff-80a6-4226-8543-88c2faa980fe,New,Buy,19.98,0,1511
2025-07-24T03:38:13.2673233Z,079ec142-2e1a-4073-97fa-66db11cd9760,Trade,Sell,20.00,773,0
2025-07-24T03:38:13.2673233Z,c573dbb9-d538-4cf5-ae78-3709f72f4536,Trade,Sell,20.00,866,0
2025-07-24T03:38:13.2673233Z,f574b1c5-4a00-4853-856d-494aaca285bd,Trade,Sell,20.00,749,3849
2025-07-24T03:38:13.2773233Z,0aa2ba96-66e5-4349-b06e-47072f0b30fd,Trade,Buy,19.99,1490,10683
2025-07-24T03:38:13.2873233Z,496a137a-d57b-4cf5-815a-5e696b543016,New,Buy,19.98,0,5697
2025-07-24T03:38:13.2973233Z,55aa3c37-ed4a-435d-ba22-0f51f7f6f997,New,Buy,19.98,0,4903
2025-07-24T03:38:13.3073233Z,9096dedd-71b8-445e-ab39-f3b6e1b442dc,New,Buy,19.98,0,991
2025-07-24T03:38:13.3073233Z,d3603ee2-7bcc-417a-926f-dad98cceb232,Cancel,Buy,19.92,0,0
2025-07-24T03:38:13.3073233Z,ad3c00f1-4316-4bbe-bbf9-85a3b1b59f54,Cancel,Buy,19.90,0,0
2025-07-24T03:38:13.3173233Z,cfd4eded-6fd3-40fd-b05f-4412de7b2358,New,Sell,20.01,0,956
2025-07-24T03:38:13.3273233Z,332abae8-9753-4fb1-a311-968045f98fa1,New,Buy,19.97,0,6488
2025-07-24T03:38:13.3273233Z,ab1a82c7-27d8-4579-a65f-6807e6efaf61,Cancel,Buy,19.89,0,0
2025-07-24T03:38:13.3373233Z,50efaedb-ac25-41f2-bd9b-90929a588d85,Trade,Sell,20.00,396,16971
2025-07-24T03:38:13.3473233Z,e14ea384-14cd-4061-98d4-18674e966b25,Trade,Sell,20.00,260,532
2025-07-24T03:38:13.3573233Z,7417a8f8-b2e3-4eb9-8734-e605057d0ec1,New,Buy,19.98,0,3319
2025-07-24T03:38:13.3673233Z,0aa2ba96-66e5-4349-b06e-47072f0b30fd,Trade,Buy,19.99,1797,8886
2025-07-24T03:38:13.3773233Z,980b420d-7eec-4e7c-93bb-9a05d4437239,New,Buy,19.98,0,654
2025-07-24T03:38:13.3873233Z,0aa2ba96-66e5-4349-b06e-47072f0b30fd,Trade,Buy,19.99,3945,4941
2025-07-24T03:38:13.3973233Z,407e8f4e-72a0-41f6-93de-904eb109d694,New,Sell,20.02,0,254
2025-07-24T03:38:13.3973233Z,dff31fff-80a6-4226-8543-88c2faa980fe,Cancel,Buy,19.98,0,0
2025-07-24T03:38:13.4073233Z,5565838a-9881-4b89-bbc7-ee95d466cba5,New,Buy,19.95,0,466
2025-07-24T03:38:13.4173233Z,4b85a452-b6cc-4df7-b9e8-a456be013607,New,Buy,19.99,0,1030
2025-07-24T03:38:13.4173233Z,b7db3ade-6db6-45a7-8b1b-a2a883a61cec,Cancel,Buy,19.96,0,0
2025-07-24T03:38:13.4273233Z,0aa2ba96-66e5-4349-b06e-47072f0b30fd,Trade,Buy,19.99,195,4746
2025-07-24T03:38:13.4373233Z,f574b1c5-4a00-4853-856d-494aaca285bd,Trade,Sell,20.00,1756,2093
2025-07-24T03:38:13.4373233Z,85714b95-65ea-43ad-a3c6-b299e32a2409,Cancel,Buy,19.95,0,0
2025-07-24T03:38:13.4473233Z,3ef4e8ec-035d-4bcc-abad-8f68ea95e424,New,Buy,19.98,0,314
2025-07-24T03:38:13.4473233Z,3992415e-67f0-4166-a629-3712e0c03cd5,Cancel,Buy,19.85,0,0
2025-07-24T03:38:13.4573233Z,50efaedb-ac25-41f2-bd9b-90929a588d85,Trade,Sell,20.00,221,16750
2025-07-24T03:38:13.4673233Z,b27708c9-4a80-480f-8f0f-b47ef5f61cb1,New,Buy,19.97,0,339
2025-07-24T03:38:13.4773233Z,a55bba39-83cf-48d9-9288-36b7a67bcd67,New,Buy,19.99,0,1497
2025-07-24T03:38:13.4873233Z,79fbd5c4-c869-4216-8936-e15aa966ef16,New,Sell,20.00,0,812
2025-07-24T03:38:13.4973233Z,e14ea384-14cd-4061-98d4-18674e966b25,Trade,Sell,20.00,141,391
2025-07-24T03:38:13.5073233Z,9d28b1a5-9932-471d-91cc-d439a30e4932,New,Sell,20.02,0,581
2025-07-24T03:38:13.5173233Z,f574b1c5-4a00-4853-856d-494aaca285bd,Trade,Sell,20.00,1211,882
2025-07-24T03:38:13.5273233Z,50efaedb-ac25-41f2-bd9b-90929a588d85,Trade,Sell,20.00,2085,14665
2025-07-24T03:38:13.5373233Z,5c91c871-9afa-46ad-8d9e-13e57205cde7,New,Buy,19.98,0,1744
2025-07-24T03:38:13.5473233Z,9531dc35-cb6b-4ae2-972e-4ce4b79b4119,New,Sell,20.00,0,215
2025-07-24T03:38:13.5573233Z,79fbd5c4-c869-4216-8936-e15aa966ef16,Trade,Sell,20.00,812,0
2025-07-24T03:38:13.5573233Z,e14ea384-14cd-4061-98d4-18674e966b25,Trade,Sell,20.00,391,0
2025-07-24T03:38:13.5573233Z,f574b1c5-4a00-4853-856d-494aaca285bd,Trade,Sell,20.00,882,0
2025-07-24T03:38:13.5573233Z,50efaedb-ac25-41f2-bd9b-90929a588d85,Trade,Sell,20.00,10772,3893
2025-07-24T03:38:13.5573233Z,3ef4e8ec-035d-4bcc-abad-8f68ea95e424,Cancel,Buy,19.98,0,0
2025-07-24T03:38:13.5673233Z,3c3215bb-8ec0-43e3-972a-b9c21cf1d8bf,New,Buy,19.99,0,706
2025-07-24T03:38:13.5673233Z,ac08f3e2-0aa4-46c4-ae71-71e9c7722b04,Cancel,Buy,19.94,0,0
2025-07-24T03:38:13.5773233Z,71b8cdac-f8cd-4b5a-acae-7527b3ccdac4,New,Buy,19.99,0,507
2025-07-24T03:38:13.5773233Z,03a15c63-d1a0-4b82-b95b-7159584284a9,Cancel,Buy,19.90,0,0
2025-07-24T03:38:13.5873233Z,9531dc35-cb6b-4ae2-972e-4ce4b79b4119,Trade,Sell,20.00,215,0
2025-07-24T03:38:13.5873233Z,50efaedb-ac25-41f2-bd9b-90929a588d85,Trade,Sell,20.00,680,3213
2025-07-24T03:38:13.5973233Z,4b85a452-b6cc-4df7-b9e8-a456be013607,Trade,Buy,19.99,1030,0
2025-07-24T03:38:13.5973233Z,0aa2ba96-66e5-4349-b06e-47072f0b30fd,Trade,Buy,19.99,2870,1876
2025-07-24T03:38:13.5973233Z,20919aa5-2f89-4824-898f-f82480c21c1a,Cancel,Buy,19.85,0,0
2025-07-24T03:38:13.6073233Z,986d0340-81ac-4388-ad4d-54b5e35c6dc8,New,Buy,19.98,0,387
2025-07-24T03:38:13.6173233Z,50efaedb-ac25-41f2-bd9b-90929a588d85,Trade,Sell,20.00,743,2470
2025-07-24T03:38:13.6273233Z,3b1bea61-f222-41a7-b4f0-2dbff5e7131c,New,Buy,19.97,0,1348
2025-07-24T03:38:13.6373233Z,de4f3c03-e0e2-4f6b-a4b3-a38b88da88b2,New,Buy,19.98,0,1037
2025-07-24T03:38:13.6473233Z,9a4300c5-86f5-4d49-848c-1c48102e0fa3,New,Sell,20.00,0,7985
2025-07-24T03:38:13.6573233Z,7439fd64-ed18-4059-a782-ae3b58d5e055,New,Sell,20.00,0,477
2025-07-24T03:38:13.6673233Z,a55bba39-83cf-48d9-9288-36b7a67bcd67,Trade,Buy,19.99,225,1272
2025-07-24T03:38:13.6773233Z,8cab9bc6-2e90-46a4-89aa-b30a02933880,New,Buy,19.97,0,420
2025-07-24T03:38:13.6773233Z,3c3215bb-8ec0-43e3-972a-b9c21cf1d8bf,Cancel,Buy,19.99,0,0
2025-07-24T03:38:13.6873233Z,0a435b29-c96a-4714-ba54-cebc4fb1d5a6,New,Buy,19.98,0,565
2025-07-24T03:38:13.6973233Z,50efaedb-ac25-41f2-bd9b-90929a588d85,Trade,Sell,20.00,2470,0
2025-07-24T03:38:13.6973233Z,9a4300c5-86f5-4d49-848c-1c48102e0fa3,Trade,Sell,20.00,3377,4608
2025-07-24T03:38:13.6973233Z,6287c68c-75bd-4f7c-a432-d080d77655f2,Cancel,Buy,19.92,0,0
2025-07-24T03:38:13.7073233Z,dfe5fb99-877d-4b0e-9edb-e67536740bf6,New,Buy,19.97,0,1245
2025-07-24T03:38:13.7073233Z,2e059300-ee76-4374-8f03-1dd303813c8a,Cancel,Buy,19.93,0,0
2025-07-24T03:38:13.7073233Z,f1e125b2-a63c-43e1-8c11-db52f76e7cf4,Cancel,Buy,19.89,0,0
2025-07-24T03:38:13.7173233Z,367e0dd2-747d-499b-826d-4285af8d79c9,New,Buy,19.99,0,3912
2025-07-24T03:38:13.7273233Z,71b8cdac-f8cd-4b5a-acae-7527b3ccdac4,Trade,Buy,19.99,507,0
2025-07-24T03:38:13.7273233Z,0aa2ba96-66e5-4349-b06e-47072f0b30fd,Trade,Buy,19.99,235,1641
2025-07-24T03:38:13.7373233Z,7ff5a72e-5e1c-4eee-bdb3-39b3aaf8f799,New,Buy,19.97,0,359
2025-07-24T03:38:13.7373233Z,a45b02e2-4ffb-48a3-b8fd-c66f3e0b685d,Cancel,Buy,19.86,0,0
2025-07-24T03:38:13.7473233Z,7439fd64-ed18-4059-a782-ae3b58d5e055,Trade,Sell,20.00,429,48
2025-07-24T03:38:13.7573233Z,a55bba39-83cf-48d9-9288-36b7a67bcd67,Trade,Buy,19.99,829,443
2025-07-24T03:38:13.7673233Z,e009f809-6a88-47c3-ac37-1b28b83d175c,New,Buy,19.99,0,250
2025-07-24T03:38:13.7773233Z,83312553-02b2-486e-b3af-e51e5ac30ebf,New,Buy,19.99,0,564
2025-07-24T03:38:13.7773233Z,2da95285-20d7-4af7-9d02-1be8c20e9e71,Cancel,Buy,19.95,0,0
2025-07-24T03:38:13.7873233Z,3976c54e-54e0-4aa4-93e3-3d0740a346d1,New,Buy,19.98,0,797
2025-07-24T03:38:13.7973233Z,9a4300c5-86f5-4d49-848c-1c48102e0fa3,Trade,Sell,20.00,1304,3304
2025-07-24T03:38:13.8073233Z,b04f87d7-9821-4cfe-a6b7-e39c7ca55b4c,New,Buy,19.98,0,1054
2025-07-24T03:38:13.8073233Z,070f772e-4cd0-4b6f-bb8d-ed1cd39a3fad,Cancel,Sell,20.02,0,0
2025-07-24T03:38:13.8173233Z,7439fd64-ed18-4059-a782-ae3b58d5e055,Trade,Sell,20.00,48,0
2025-07-24T03:38:13.8173233Z,9a4300c5-86f5-4d49-848c-1c48102e0fa3,Trade,Sell,20.00,3304,0
2025-07-24T03:38:13.8173233Z,e4c0d5d5-1816-4696-baa2-4038007246a6,Trade,Sell,20.01,365,2135
2025-07-24T03:38:13.8273233Z,367e0dd2-747d-499b-826d-4285af8d79c9,Trade,Buy,19.99,2823,1089
2025-07-24T03:38:13.8373233Z,52076a37-8d17-4b9e-b276-f93b3f1a939f,New,Buy,19.99,0,791
2025-07-24T03:38:13.8373233Z,f1558002-4d0f-4fb1-a18b-c95f551f5468,Cancel,Buy,19.93,0,0
2025-07-24T03:38:13.8473233Z,6cd97966-97a7-4985-ab8a-38d43d802def,New,Buy,19.99,0,2367
2025-07-24T03:38:13.8573233Z,a1eed869-1b45-4061-ba69-174a06fb2458,New,Buy,19.96,0,919
2025-07-24T03:38:13.8673233Z,8f8fb351-cd0b-4c96-b9ba-8c93d87eed18,New,Buy,19.99,0,1218
2025-07-24T03:38:13.8773233Z,6968dbce-40a7-4b66-9b8d-28fa410b196d,New,Buy,19.99,0,2613
2025-07-24T03:38:13.8873233Z,1215323c-8094-4f30-84a5-8941c950e86d,Trade,Sell,20.01,478,2022
2025-07-24T03:38:13.8873233Z,e6a92709-5dfd-4e04-9d2d-7b3122cf3f00,Cancel,Buy,19.94,0,0
2025-07-24T03:38:13.8973233Z,6fe1c7c4-1e62-4b70-b609-0cf8f2616c6c,Trade,Sell,20.01,999,1501
2025-07-24T03:38:13.9073233Z,5c7c7dac-5909-4fd0-9e95-30a8c53abba1,Trade,Sell,20.01,297,2203
2025-07-24T03:38:13.9173233Z,7da35134-6d8c-41ea-9a80-74a78878d067,New,Sell,20.02,0,372
2025-07-24T03:38:13.9273233Z,c77a5aa9-64b9-459d-b43d-fc4cc0a72331,New,Sell,20.01,0,149
2025-07-24T03:38:13.9273233Z,21ab6f10-b40c-4ac6-9b12-bd86b55cd3a6,Cancel,Buy,19.95,0,0
2025-07-24T03:38:13.9373233Z,0f4b8504-8701-420f-8ce2-1a0bf3cf666b,Trade,Sell,20.01,789,1711
2025-07-24T03:38:13.9373233Z,eedb12aa-8932-4e7c-bcca-fde042bbf2e3,Cancel,Buy,19.90,0,0
2025-07-24T03:38:13.9473233Z,3568adb3-5abb-418a-9621-442411d8297e,New,Buy,19.98,0,422
2025-07-24T03:38:13.9573233Z,4735b4cd-821f-429d-a36a-88c3e7794ac2,New,Sell,20.01,0,374
2025-07-24T03:38:13.9673233Z,0aa2ba96-66e5-4349-b06e-47072f0b30fd,Trade,Buy,19.99,1376,265
2025-07-24T03:38:13.9773233Z,00a600ec-a33d-4922-8bfb-2c5ff0a0d5b8,New,Buy,19.98,0,3777
2025-07-24T03:38:13.9773233Z,a7a7350a-1f47-453f-8c57-9033c4d9d7cd,Cancel,Buy,19.98,0,0
2025-07-24T03:38:13.9773233Z,6968dbce-40a7-4b66-9b8d-28fa410b196d,Cancel,Buy,19.99,0,0
2025-07-24T03:38:13.9873233Z,ba6ffb25-1445-4464-bfda-916abd193e65,Trade,Sell,20.01,2500,0
2025-07-24T03:38:13.9873233Z,cfd4eded-6fd3-40fd-b05f-4412de7b2358,Trade,Sell,20.01,394,562
2025-07-24T03:38:13.9973233Z,81cc4fd0-073b-4754-9e33-c1f98496074c,New,Sell,20.02,0,633
2025-07-24T03:38:14.0073233Z,c77a5aa9-64b9-459d-b43d-fc4cc0a72331,Trade,Sell,20.01,149,0
2025-07-24T03:38:14.0073233Z,4735b4cd-821f-429d-a36a-88c3e7794ac2,Trade,Sell,20.01,374,0
2025-07-24T03:38:14.0073233Z,cfd4eded-6fd3-40fd-b05f-4412de7b2358,Trade,Sell,20.01,562,0
2025-07-24T03:38:14.0073233Z,1a513d1f-3d14-48f3-9820-2fa061d76182,Trade,Sell,20.01,409,2091
2025-07-24T03:38:14.0073233Z,940b8d74-76a0-46a8-9325-a997fead780c,Cancel,Buy,19.92,0,0
2025-07-24T03:38:14.0173233Z,1a513d1f-3d14-48f3-9820-2fa061d76182,Trade,Sell,20.01,245,1846
2025-07-24T03:38:14.0273233Z,342317a5-448f-40b1-b3e1-e8aa26fca98a,New,Buy,19.99,0,168
2025-07-24T03:38:14.0373233Z,ea24e6a7-37b8-4bc9-a8b3-3195fc5df20a,Trade,Sell,20.01,409,0
2025-07-24T03:38:14.0373233Z,1a513d1f-3d14-48f3-9820-2fa061d76182,Trade,Sell,20.01,956,890
2025-07-24T03:38:14.0473233Z,7cfa7937-4db4-4784-8bcc-d2d7a4372038,New,Sell,20.01,0,153
2025-07-24T03:38:14.0573233Z,bad91306-756a-45d6-9ece-6fd68e8c18f3,New,Sell,20.00,0,531
2025-07-24T03:38:14.0673233Z,bad91306-756a-45d6-9ece-6fd68e8c18f3,Trade,Sell,20.00,531,0
2025-07-24T03:38:14.0673233Z,95131494-007c-4918-8c8a-0b1aeb555361,Trade,Sell,20.01,1207,1293
2025-07-24T03:38:14.0773233Z,7c7a8d00-1823-41f3-b036-ee55395cbcd7,Trade,Sell,20.01,2500,0
2025-07-24T03:38:14.0773233Z,7cfa7937-4db4-4784-8bcc-d2d7a4372038,Trade,Sell,20.01,153,0
2025-07-24T03:38:14.0773233Z,73ac78e5-0faa-41e5-b837-3fa8689e8e49,Trade,Sell,20.02,2152,0
2025-07-24T03:38:14.0773233Z,407e8f4e-72a0-41f6-93de-904eb109d694,Trade,Sell,20.02,254,0
2025-07-24T03:38:14.0773233Z,9d28b1a5-9932-471d-91cc-d439a30e4932,Trade,Sell,20.02,581,0
2025-07-24T03:38:14.0773233Z,7da35134-6d8c-41ea-9a80-74a78878d067,Trade,Sell,20.02,372,0
2025-07-24T03:38:14.0773233Z,81cc4fd0-073b-4754-9e33-c1f98496074c,Trade,Sell,20.02,633,0
2025-07-24T03:38:14.0773233Z,9e1cf53c-05fd-479f-af9b-d5c59e2147a2,Trade,Sell,20.03,1852,0
2025-07-24T03:38:14.0773233Z,09f7d596-8dcf-4fd9-b65a-7ce86849e256,Trade,Sell,20.04,1594,0
2025-07-24T03:38:14.0773233Z,49ed801a-8190-4a58-945b-c538d03a4793,Trade,Sell,20.05,99,1273
2025-07-24T03:38:14.0873233Z,f921beb4-6f3b-42b0-95b1-6fcb00619f61,New,Sell,20.02,0,1110
2025-07-24T03:38:14.0973233Z,8d93a55b-561b-4300-9dc8-c8dc2f66d02d,New,Buy,20.00,0,985
2025-07-24T03:38:14.1073233Z,0569a548-ceb9-48d3-9bf1-1a0cee96082a,Trade,Buy,20.00,2500,0
2025-07-24T03:38:14.1073233Z,8d93a55b-561b-4300-9dc8-c8dc2f66d02d,Trade,Buy,20.00,878,107
2025-07-24T03:38:14.1173233Z,f921beb4-6f3b-42b0-95b1-6fcb00619f61,Trade,Sell,20.02,541,569
2025-07-24T03:38:14.1273233Z,8d93a55b-561b-4300-9dc8-c8dc2f66d02d,Trade,Buy,20.00,107,0
2025-07-24T03:38:14.1273233Z,d9b7f60a-8256-4333-ba73-96b5748d0d4f,Trade,Buy,20.00,389,2111
2025-07-24T03:38:14.1373233Z,56ab2ceb-0ac9-48d0-8c47-91ee7f971197,New,Sell,20.03,0,442
2025-07-24T03:38:14.1373233Z,9b38ca56-cb33-4d5f-bb0f-e45c5c824a33,Cancel,Buy,19.91,0,0
2025-07-24T03:38:14.1473233Z,993a44ed-4d13-4ece-bd84-40da6e22c047,New,Buy,20.00,0,1600
2025-07-24T03:38:14.1573233Z,82ae9aeb-7627-4521-8222-99ffd8e78a16,Trade,Sell,20.02,1618,882
2025-07-24T03:38:14.1673233Z,f921beb4-6f3b-42b0-95b1-6fcb00619f61,Trade,Sell,20.02,569,0
2025-07-24T03:38:14.1673233Z,82ae9aeb-7627-4521-8222-99ffd8e78a16,Trade,Sell,20.02,882,0
2025-07-24T03:38:14.1673233Z,37d896bc-6ce4-4b73-8954-bd975a097df9,Trade,Sell,20.02,29,1589
2025-07-24T03:38:14.1773233Z,3d870a11-3327-4b34-8d1c-51130b1235db,New,Sell,20.03,0,1318
2025-07-24T03:38:14.1873233Z,98c174f7-d578-4edc-8bcb-ac12e574bf2e,New,Buy,20.00,0,992
2025-07-24T03:38:14.1973233Z,311da6e4-0b85-45d7-9fd4-29f53597a4b8,New,Buy,20.01,0,71
2025-07-24T03:38:14.1973233Z,0aa2ba96-66e5-4349-b06e-47072f0b30fd,Cancel,Buy,19.99,0,0
2025-07-24T03:38:14.2073233Z,0c24b98f-7fc3-4733-a399-9e82cb004039,Trade,Sell,20.03,946,1554
2025-07-24T03:38:14.2173233Z,3c3115dd-6eef-4b78-8c9f-ddf2ca8e4718,Trade,Sell,20.03,1456,1044
2025-07-24T03:38:14.2173233Z,7f57af91-5e89-4bae-ae7b-03e2139a1f12,Cancel,Buy,19.92,0,0
2025-07-24T03:38:14.2273233Z,5801e405-712b-4c46-a821-c0e320764fe4,Trade,Sell,20.03,375,2125
2025-07-24T03:38:14.2373233Z,bd31bc81-7c16-40ce-9984-d5e2849922c0,New,Sell,20.02,0,596
2025-07-24T03:38:14.2373233Z,342317a5-448f-40b1-b3e1-e8aa26fca98a,Cancel,Buy,19.99,0,0
2025-07-24T03:38:14.2473233Z,311da6e4-0b85-45d7-9fd4-29f53597a4b8,Trade,Buy,20.01,71,0
2025-07-24T03:38:14.2473233Z,11969843-5151-4693-ab99-34031d0e768e,Trade,Buy,20.01,2500,0
2025-07-24T03:38:14.2473233Z,993a44ed-4d13-4ece-bd84-40da6e22c047,Trade,Buy,20.00,1600,0
2025-07-24T03:38:14.2473233Z,98c174f7-d578-4edc-8bcb-ac12e574bf2e,Trade,Buy,20.00,992,0
2025-07-24T03:38:14.2473233Z,90d22c44-fb00-4c32-b59b-8c8726c4f9e2,Trade,Buy,20.00,2076,76
2025-07-24T03:38:14.2573233Z,8e2fcc59-7c8c-40a5-b91d-be60818a3501,New,Sell,20.04,0,184
2025-07-24T03:38:14.2673233Z,cbca009a-a88f-470e-b764-c9e94e137fbc,New,Buy,20.00,0,647
2025-07-24T03:38:14.2773233Z,cbca009a-a88f-470e-b764-c9e94e137fbc,Trade,Buy,20.00,647,0
2025-07-24T03:38:14.2773233Z,50914fae-5acc-4d5d-aa3a-19b42db95268,Trade,Buy,20.00,216,2284
2025-07-24T03:38:14.2873233Z,fe729aef-cd26-45bc-aee5-75a0cbcde3ae,Trade,Sell,20.02,278,2222
2025-07-24T03:38:14.2973233Z,fe19dcbb-4bc5-4934-8f62-f7e236517d07,New,Buy,20.00,0,994
2025-07-24T03:38:14.3073233Z,3250e9a9-c76e-4e5c-a904-0105b78ab46e,Trade,Sell,20.02,2500,0
2025-07-24T03:38:14.3073233Z,bd31bc81-7c16-40ce-9984-d5e2849922c0,Trade,Sell,20.02,596,0
2025-07-24T03:38:14.3073233Z,1923388f-2ae4-429d-ab63-ec03e9574eb5,Trade,Sell,20.03,2152,0
2025-07-24T03:38:14.3073233Z,56ab2ceb-0ac9-48d0-8c47-91ee7f971197,Trade,Sell,20.03,442,0
2025-07-24T03:38:14.3073233Z,3d870a11-3327-4b34-8d1c-51130b1235db,Trade,Sell,20.03,1318,0
2025-07-24T03:38:14.3073233Z,89341320-b3c6-4f8b-bcbd-489c4ca30fd8,Trade,Sell,20.04,1852,0
2025-07-24T03:38:14.3073233Z,8e2fcc59-7c8c-40a5-b91d-be60818a3501,Trade,Sell,20.04,184,0
2025-07-24T03:38:14.3073233Z,19853037-72f4-44cd-8086-2cba5d740cf2,Trade,Sell,20.05,1594,0
2025-07-24T03:38:14.3073233Z,59855882-c456-44c9-bf44-4cb90c3359e7,Trade,Sell,20.06,1372,0
2025-07-24T03:38:14.3073233Z,b7ca73bb-aa39-4aa3-a233-b8ff75eb46ba,Trade,Sell,20.07,1181,0
2025-07-24T03:38:14.3073233Z,113292e1-8457-450a-a0c2-69836f09a9a4,Trade,Sell,20.08,1016,0
2025-07-24T03:38:14.3073233Z,8d6004a4-9954-4aa8-a45f-05239e982abb,Trade,Sell,20.09,875,0
2025-07-24T03:38:14.3073233Z,f968b35f-91d7-4023-b763-e446ce4c4799,Trade,Sell,20.10,22,731
2025-07-24T03:38:14.3173233Z,116472c0-2bdf-4126-8678-dc22b74741cc,New,Buy,20.04,0,1111
2025-07-24T03:38:14.3273233Z,db1d1ab0-d33a-4fef-a469-0fd33c61862a,New,Sell,20.06,0,982
2025-07-24T03:38:14.3373233Z,e91258e9-1a94-4901-b13f-a3a662f79cdf,New,Sell,20.06,0,1592
2025-07-24T03:38:14.3373233Z,92ac7efc-44ca-49b5-b12c-e6dc89c67569,Cancel,Buy,19.98,0,0
2025-07-24T03:38:14.3473233Z,0eff568a-6d15-4127-b86c-b2b895497721,New,Buy,20.05,0,555
2025-07-24T03:38:14.3473233Z,0a435b29-c96a-4714-ba54-cebc4fb1d5a6,Cancel,Buy,19.98,0,0
2025-07-24T03:38:14.3473233Z,5f5b9cc2-4439-4fa7-b830-ea14af45724f,Cancel,Buy,19.92,0,0
2025-07-24T03:38:14.3573233Z,48e0f8ff-df25-4121-aa99-3df5a532528f,New,Buy,20.05,0,9138
2025-07-24T03:38:14.3673233Z,fba4659d-ea0c-420d-b667-6d4e47b061ba,New,Sell,20.06,0,303
2025-07-24T03:38:14.3773233Z,67386c57-99d9-4ee6-9087-20722b55bc87,New,Buy,20.02,0,379
2025-07-24T03:38:14.3873233Z,65baf119-2462-4df9-8c01-fdf406c190bf,New,Sell,20.07,0,602
2025-07-24T03:38:14.3973233Z,db1d1ab0-d33a-4fef-a469-0fd33c61862a,Trade,Sell,20.06,982,0
2025-07-24T03:38:14.3973233Z,e91258e9-1a94-4901-b13f-a3a662f79cdf,Trade,Sell,20.06,772,820
2025-07-24T03:38:14.3973233Z,3976c54e-54e0-4aa4-93e3-3d0740a346d1,Cancel,Buy,19.98,0,0
2025-07-24T03:38:14.4073233Z,fba4659d-ea0c-420d-b667-6d4e47b061ba,Trade,Sell,20.06,303,0
2025-07-24T03:38:14.4073233Z,e91258e9-1a94-4901-b13f-a3a662f79cdf,Trade,Sell,20.06,820,0
2025-07-24T03:38:14.4073233Z,a332c593-6963-476b-82f4-c379287f7ab8,Trade,Sell,20.07,125,2375
2025-07-24T03:38:14.4073233Z,619f8885-e66b-4108-b083-0e4f315ff106,Cancel,Buy,19.90,0,0
2025-07-24T03:38:14.4173233Z,0eff568a-6d15-4127-b86c-b2b895497721,Trade,Buy,20.05,555,0
2025-07-24T03:38:14.4173233Z,48e0f8ff-df25-4121-aa99-3df5a532528f,Trade,Buy,20.05,116,9022
2025-07-24T03:38:14.4273233Z,d17e7e68-bb2b-44bc-98c2-8fdca00a0b38,New,Buy,20.04,0,807
2025-07-24T03:38:14.4273233Z,af9c0747-91d2-46fc-999c-361b2c088e04,Cancel,Sell,20.07,0,0
2025-07-24T03:38:14.4373233Z,634e7ea7-b620-4124-9bd9-a78cabdbdebf,New,Buy,20.05,0,1086
2025-07-24T03:38:14.4373233Z,0df7c98e-33fa-4243-9bb1-31ec35601b96,Cancel,Sell,20.09,0,0
2025-07-24T03:38:14.4473233Z,2dc5d5a5-3437-4f2d-9172-dc7638149362,New,Buy,20.05,0,201
2025-07-24T03:38:14.4573233Z,9f80f25d-22dc-4152-aa5a-ba0d2d87bd0b,New,Buy,20.06,0,185
2025-07-24T03:38:14.4673233Z,e8d60268-2030-4c5f-bca2-66f98ba2b1c2,New,Buy,20.03,0,471
2025-07-24T03:38:14.4673233Z,a55bba39-83cf-48d9-9288-36b7a67bcd67,Cancel,Buy,19.99,0,0
2025-07-24T03:38:14.4773233Z,65baf119-2462-4df9-8c01-fdf406c190bf,Trade,Sell,20.07,251,351
2025-07-24T03:38:14.4873233Z,6c3acf85-c730-449d-a41a-b27b138539ee,New,Sell,20.08,0,3113
2025-07-24T03:38:14.4973233Z,65baf119-2462-4df9-8c01-fdf406c190bf,Trade,Sell,20.07,351,0
2025-07-24T03:38:14.4973233Z,719e5fce-5326-41a7-84fd-198a4d94aabd,Trade,Sell,20.08,862,1638
2025-07-24T03:38:14.5073233Z,a60586e2-d8cf-4944-b702-ff7e96e53232,New,Buy,20.06,0,5290
2025-07-24T03:38:14.5073233Z,6bcb65a6-8b04-4687-996f-c3f6c05dad7f,Cancel,Buy,19.91,0,0
2025-07-24T03:38:14.5173233Z,535d22e2-c428-40c7-841c-723e1b2f0259,Trade,Sell,20.08,2500,0
2025-07-24T03:38:14.5173233Z,6c3acf85-c730-449d-a41a-b27b138539ee,Trade,Sell,20.08,42,3071
2025-07-24T03:38:14.5273233Z,985ef307-8585-4244-b47b-422688c68990,New,Buy,20.07,0,3173
2025-07-24T03:38:14.5373233Z,6c3acf85-c730-449d-a41a-b27b138539ee,Trade,Sell,20.08,1474,1597
2025-07-24T03:38:14.5373233Z,b27708c9-4a80-480f-8f0f-b47ef5f61cb1,Cancel,Buy,19.97,0,0
2025-07-24T03:38:14.5473233Z,9b7a3e56-53c0-42d3-9d9d-fa6a8f9ce4d6,New,Buy,20.07,0,583
2025-07-24T03:38:14.5573233Z,1a77fe71-809c-4993-bb8b-7f738ca7f764,New,Buy,20.06,0,1108
2025-07-24T03:38:14.5673233Z,87bf1443-0d2e-4a15-87da-d9382be16a1a,New,Buy,20.07,0,1452
2025-07-24T03:38:14.5773233Z,985ef307-8585-4244-b47b-422688c68990,Trade,Buy,20.07,3173,0
2025-07-24T03:38:14.5773233Z,9b7a3e56-53c0-42d3-9d9d-fa6a8f9ce4d6,Trade,Buy,20.07,583,0
2025-07-24T03:38:14.5773233Z,87bf1443-0d2e-4a15-87da-d9382be16a1a,Trade,Buy,20.07,1452,0
2025-07-24T03:38:14.5773233Z,2680c8f9-da0a-4b70-af68-1709c6dd12d9,Trade,Buy,20.07,2500,0
2025-07-24T03:38:14.5773233Z,9f80f25d-22dc-4152-aa5a-ba0d2d87bd0b,Trade,Buy,20.06,185,0
2025-07-24T03:38:14.5773233Z,a60586e2-d8cf-4944-b702-ff7e96e53232,Trade,Buy,20.06,1128,4162
2025-07-24T03:38:14.5873233Z,1a77fe71-809c-4993-bb8b-7f738ca7f764,Trade,Buy,20.06,1108,0
2025-07-24T03:38:14.5873233Z,a60586e2-d8cf-4944-b702-ff7e96e53232,Trade,Buy,20.06,342,3820
