ts,side,price,qty
2025-07-24T03:38:08.1273233Z,Buy,20.01,2500
2025-07-24T03:38:08.1273233Z,Buy,20.01,1088
2025-07-24T03:38:08.1473233Z,Buy,20.01,1412
2025-07-24T03:38:08.1473233Z,Buy,20.01,755
2025-07-24T03:38:08.1573233Z,Buy,20.01,270
2025-07-24T03:38:08.1673233Z,Buy,20.01,359
2025-07-24T03:38:08.1973233Z,Buy,20.02,1178
2025-07-24T03:38:08.2073233Z,Buy,20.02,974
2025-07-24T03:38:08.2073233Z,Buy,20.03,2500
2025-07-24T03:38:08.2073233Z,Buy,20.03,1852
2025-07-24T03:38:08.2073233Z,Buy,20.04,2152
2025-07-24T03:38:08.2073233Z,Buy,20.04,1594
2025-07-24T03:38:08.2073233Z,Buy,20.05,644
2025-07-24T03:38:08.2273233Z,Buy,20.04,326
2025-07-24T03:38:08.2573233Z,Sell,20.03,1507
2025-07-24T03:38:08.2573233Z,Sell,20.03,213
2025-07-24T03:38:08.2573233Z,Sell,20.03,41
2025-07-24T03:38:08.2973233Z,Buy,20.05,2500
2025-07-24T03:38:08.2973233Z,Buy,20.05,273
2025-07-24T03:38:08.3073233Z,Buy,20.05,466
2025-07-24T03:38:08.3573233Z,Buy,20.04,453
2025-07-24T03:38:08.3673233Z,Buy,20.04,1205
2025-07-24T03:38:08.3773233Z,Buy,20.04,258
2025-07-24T03:38:08.3973233Z,Buy,20.04,270
2025-07-24T03:38:08.3973233Z,Buy,20.04,1354
2025-07-24T03:38:08.3973233Z,Buy,20.05,2483
2025-07-24T03:38:08.4173233Z,Buy,20.04,58
2025-07-24T03:38:08.4473233Z,Buy,20.04,279
2025-07-24T03:38:08.4473233Z,Buy,20.05,955
2025-07-24T03:38:08.4573233Z,Sell,20.03,923
2025-07-24T03:38:08.4673233Z,Sell,20.03,747
2025-07-24T03:38:08.4773233Z,Buy,20.05,349
2025-07-24T03:38:08.4873233Z,Buy,20.05,500
2025-07-24T03:38:08.5173233Z,Buy,20.05,737
2025-07-24T03:38:08.5273233Z,Sell,20.03,511
2025-07-24T03:38:08.5373233Z,Buy,20.05,2500
2025-07-24T03:38:08.5373233Z,Buy,20.05,1099
2025-07-24T03:38:08.5373233Z,Buy,20.05,1570
2025-07-24T03:38:08.5573233Z,Sell,20.03,667
2025-07-24T03:38:08.5573233Z,Sell,20.03,41
2025-07-24T03:38:08.5573233Z,Sell,20.03,2500
2025-07-24T03:38:08.5573233Z,Sell,20.03,392
2025-07-24T03:38:08.5773233Z,Sell,20.03,1334
2025-07-24T03:38:08.6073233Z,Buy,20.05,1348
2025-07-24T03:38:08.6073233Z,Buy,20.05,72
2025-07-24T03:38:08.6073233Z,Buy,20.05,550
2025-07-24T03:38:08.6473233Z,Sell,20.04,875
2025-07-24T03:38:08.6873233Z,Sell,20.04,361
2025-07-24T03:38:08.6873233Z,Sell,20.04,2500
2025-07-24T03:38:08.6873233Z,Sell,20.03,709
2025-07-24T03:38:08.7373233Z,Buy,20.04,53
2025-07-24T03:38:08.7373233Z,Buy,20.05,650
2025-07-24T03:38:08.7473233Z,Sell,20.03,136
2025-07-24T03:38:08.7473233Z,Sell,20.03,957
2025-07-24T03:38:08.7573233Z,Sell,20.03,1325
2025-07-24T03:38:08.7573233Z,Sell,20.03,1630
2025-07-24T03:38:08.7573233Z,Sell,20.03,2500
2025-07-24T03:38:08.7573233Z,Sell,20.02,1391
2025-07-24T03:38:08.7573233Z,Sell,20.02,751
2025-07-24T03:38:08.7673233Z,Sell,20.02,482
2025-07-24T03:38:08.7873233Z,Sell,20.03,1675
2025-07-24T03:38:08.8173233Z,Sell,20.03,824
2025-07-24T03:38:08.8473233Z,Buy,20.04,150
2025-07-24T03:38:08.8473233Z,Buy,20.05,1263
2025-07-24T03:38:08.8573233Z,Sell,20.03,598
2025-07-24T03:38:08.8673233Z,Buy,20.05,454
2025-07-24T03:38:08.8873233Z,Buy,20.05,2500
2025-07-24T03:38:08.8873233Z,Buy,20.05,3709
2025-07-24T03:38:08.8873233Z,Buy,20.05,310
2025-07-24T03:38:08.8973233Z,Sell,20.03,231
2025-07-24T03:38:08.9073233Z,Sell,20.03,441
2025-07-24T03:38:08.9373233Z,Buy,20.05,1443
2025-07-24T03:38:08.9373233Z,Buy,20.05,599
2025-07-24T03:38:08.9473233Z,Sell,20.03,333
2025-07-24T03:38:08.9573233Z,Sell,20.03,3449
2025-07-24T03:38:08.9573233Z,Sell,20.03,402
2025-07-24T03:38:08.9573233Z,Sell,20.03,2167
2025-07-24T03:38:08.9573233Z,Sell,20.03,333
2025-07-24T03:38:08.9573233Z,Sell,20.02,494
2025-07-24T03:38:08.9773233Z,Buy,20.05,452
2025-07-24T03:38:08.9873233Z,Sell,20.03,197
2025-07-24T03:38:09.0173233Z,Buy,20.04,342
2025-07-24T03:38:09.0273233Z,Sell,20.02,231
2025-07-24T03:38:09.0373233Z,Buy,20.04,135
2025-07-24T03:38:09.0373233Z,Buy,20.04,1820
2025-07-24T03:38:09.0573233Z,Buy,20.04,680
2025-07-24T03:38:09.0573233Z,Buy,20.04,1792
2025-07-24T03:38:09.1273233Z,Buy,20.03,398
2025-07-24T03:38:09.1273233Z,Buy,20.03,80
2025-07-24T03:38:09.1373233Z,Buy,20.03,267
2025-07-24T03:38:09.1473233Z,Sell,20.02,198
2025-07-24T03:38:09.1473233Z,Sell,20.02,513
2025-07-24T03:38:09.1473233Z,Sell,20.02,1830
2025-07-24T03:38:09.1573233Z,Buy,20.03,1275
2025-07-24T03:38:09.1573233Z,Buy,20.04,380
2025-07-24T03:38:09.1773233Z,Sell,20.03,1453
2025-07-24T03:38:09.1773233Z,Sell,20.02,2500
2025-07-24T03:38:09.1773233Z,Sell,20.02,929
2025-07-24T03:38:09.1773233Z,Sell,20.02,1719
2025-07-24T03:38:09.1873233Z,Sell,20.02,2500
2025-07-24T03:38:09.1873233Z,Sell,20.02,1316
2025-07-24T03:38:09.1873233Z,Sell,20.02,2901
2025-07-24T03:38:09.1873233Z,Sell,20.01,206
2025-07-24T03:38:09.2173233Z,Sell,20.02,98
2025-07-24T03:38:09.2273233Z,Sell,20.02,756
2025-07-24T03:38:09.2373233Z,Sell,20.02,98
2025-07-24T03:38:09.2373233Z,Sell,20.02,1646
2025-07-24T03:38:09.2373233Z,Sell,20.02,756
2025-07-24T03:38:09.2373233Z,Sell,20.01,646
2025-07-24T03:38:09.2373233Z,Sell,20.01,2152
2025-07-24T03:38:09.2373233Z,Sell,20.00,938
2025-07-24T03:38:09.2473233Z,Sell,20.01,388
2025-07-24T03:38:09.2573233Z,Sell,20.01,851
2025-07-24T03:38:09.2973233Z,Buy,20.02,539
2025-07-24T03:38:09.2973233Z,Buy,20.02,1408
2025-07-24T03:38:09.3073233Z,Sell,20.00,881
2025-07-24T03:38:09.3473233Z,Buy,20.02,2201
2025-07-24T03:38:09.3473233Z,Buy,20.02,469
2025-07-24T03:38:09.3473233Z,Buy,20.02,1901
2025-07-24T03:38:09.3673233Z,Sell,20.01,180
2025-07-24T03:38:09.3673233Z,Sell,20.01,528
2025-07-24T03:38:09.3773233Z,Buy,20.03,74
2025-07-24T03:38:09.3873233Z,Sell,20.01,1972
2025-07-24T03:38:09.3873233Z,Sell,20.01,528
2025-07-24T03:38:09.3873233Z,Sell,20.00,811
2025-07-24T03:38:09.4073233Z,Buy,20.02,298
2025-07-24T03:38:09.4173233Z,Sell,20.00,2500
2025-07-24T03:38:09.4173233Z,Sell,20.00,992
2025-07-24T03:38:09.4173233Z,Sell,19.99,2152
2025-07-24T03:38:09.4173233Z,Sell,19.99,1103
2025-07-24T03:38:09.4573233Z,Buy,20.01,508
2025-07-24T03:38:09.4673233Z,Buy,20.01,1188
2025-07-24T03:38:09.4673233Z,Buy,20.01,377
2025-07-24T03:38:09.4673233Z,Buy,20.01,2276
2025-07-24T03:38:09.4873233Z,Sell,19.99,1940
2025-07-24T03:38:09.4973233Z,Buy,20.01,224
2025-07-24T03:38:09.4973233Z,Buy,20.01,1369
2025-07-24T03:38:09.5073233Z,Sell,19.99,560
2025-07-24T03:38:09.5073233Z,Sell,19.99,1940
2025-07-24T03:38:09.5073233Z,Sell,19.99,1006
2025-07-24T03:38:09.5073233Z,Sell,19.99,564
2025-07-24T03:38:09.5073233Z,Sell,19.99,52
2025-07-24T03:38:09.5373233Z,Buy,20.00,419
2025-07-24T03:38:09.5573233Z,Sell,19.99,350
2025-07-24T03:38:09.5673233Z,Sell,19.99,431
2025-07-24T03:38:09.5973233Z,Buy,20.00,396
2025-07-24T03:38:09.5973233Z,Buy,20.00,262
2025-07-24T03:38:09.5973233Z,Buy,20.01,2500
2025-07-24T03:38:09.5973233Z,Buy,20.01,752
2025-07-24T03:38:09.5973233Z,Buy,20.02,542
2025-07-24T03:38:09.6073233Z,Sell,19.99,1107
2025-07-24T03:38:09.6373233Z,Buy,20.02,1595
2025-07-24T03:38:09.6473233Z,Buy,20.02,592
2025-07-24T03:38:09.6673233Z,Sell,20.00,411
2025-07-24T03:38:09.6973233Z,Sell,20.00,617
2025-07-24T03:38:09.6973233Z,Sell,20.00,1514
2025-07-24T03:38:09.6973233Z,Sell,20.00,1159
2025-07-24T03:38:09.7173233Z,Sell,19.99,1108
2025-07-24T03:38:09.8273233Z,Buy,20.01,669
2025-07-24T03:38:09.9373233Z,Buy,20.01,787
2025-07-24T03:38:09.9373233Z,Buy,20.01,1529
2025-07-24T03:38:09.9573233Z,Sell,20.00,271
2025-07-24T03:38:09.9573233Z,Sell,20.00,1399
2025-07-24T03:38:09.9573233Z,Sell,20.00,252
2025-07-24T03:38:10.0173233Z,Sell,20.00,242
2025-07-24T03:38:10.0373233Z,Buy,20.01,109
2025-07-24T03:38:10.0373233Z,Buy,20.01,678
2025-07-24T03:38:10.0473233Z,Buy,20.01,30
2025-07-24T03:38:10.0473233Z,Buy,20.01,317
2025-07-24T03:38:10.0473233Z,Buy,20.01,667
2025-07-24T03:38:10.0473233Z,Buy,20.01,961
2025-07-24T03:38:10.0673233Z,Sell,20.00,850
2025-07-24T03:38:10.0673233Z,Sell,20.00,186
2025-07-24T03:38:10.0973233Z,Sell,20.00,394
2025-07-24T03:38:10.1173233Z,Buy,20.01,429
2025-07-24T03:38:10.1273233Z,Sell,20.00,552
2025-07-24T03:38:10.1873233Z,Buy,20.01,887
2025-07-24T03:38:10.1873233Z,Buy,20.01,231
2025-07-24T03:38:10.1873233Z,Buy,20.01,875
2025-07-24T03:38:10.1873233Z,Buy,20.01,238
2025-07-24T03:38:10.2173233Z,Sell,20.00,486
2025-07-24T03:38:10.2273233Z,Sell,20.00,406
2025-07-24T03:38:10.2273233Z,Sell,20.00,1082
2025-07-24T03:38:10.2273233Z,Sell,20.00,1193
2025-07-24T03:38:10.2573233Z,Sell,20.00,1069
2025-07-24T03:38:10.2873233Z,Buy,20.01,687
2025-07-24T03:38:10.3073233Z,Sell,20.00,140
2025-07-24T03:38:10.3473233Z,Buy,20.01,425
2025-07-24T03:38:10.3473233Z,Buy,20.01,788
2025-07-24T03:38:10.3473233Z,Buy,20.01,600
2025-07-24T03:38:10.3673233Z,Buy,20.01,613
2025-07-24T03:38:10.3673233Z,Buy,20.01,256
2025-07-24T03:38:10.4573233Z,Sell,20.00,79
2025-07-24T03:38:10.4573233Z,Sell,20.00,5090
2025-07-24T03:38:10.4673233Z,Buy,20.01,238
2025-07-24T03:38:10.4873233Z,Buy,20.01,448
2025-07-24T03:38:10.5273233Z,Buy,20.01,485
2025-07-24T03:38:10.5573233Z,Sell,20.00,759
2025-07-24T03:38:10.5573233Z,Sell,20.00,174
2025-07-24T03:38:10.5573233Z,Sell,20.00,214
2025-07-24T03:38:10.5573233Z,Sell,20.00,2974
2025-07-24T03:38:10.5573233Z,Sell,20.00,1131
2025-07-24T03:38:10.5573233Z,Sell,20.00,614
2025-07-24T03:38:10.5573233Z,Sell,20.00,2500
2025-07-24T03:38:10.5573233Z,Sell,19.99,1718
2025-07-24T03:38:10.5573233Z,Sell,19.99,1753
2025-07-24T03:38:10.5573233Z,Sell,19.99,393
2025-07-24T03:38:10.5573233Z,Sell,19.99,424
2025-07-24T03:38:10.5573233Z,Sell,19.99,401
2025-07-24T03:38:10.5573233Z,Sell,19.99,10
2025-07-24T03:38:10.5673233Z,Sell,19.99,525
2025-07-24T03:38:10.5773233Z,Buy,20.01,844
2025-07-24T03:38:10.5773233Z,Buy,20.01,620
2025-07-24T03:38:10.5773233Z,Buy,20.01,1709
2025-07-24T03:38:10.6373233Z,Sell,19.99,771
2025-07-24T03:38:10.6773233Z,Sell,19.99,1132
2025-07-24T03:38:10.6873233Z,Sell,19.99,500
2025-07-24T03:38:10.6973233Z,Sell,19.99,1014
2025-07-24T03:38:10.6973233Z,Sell,19.99,3730
2025-07-24T03:38:10.6973233Z,Sell,19.99,874
2025-07-24T03:38:10.6973233Z,Sell,19.99,1409
2025-07-24T03:38:10.6973233Z,Sell,19.99,884
2025-07-24T03:38:10.6973233Z,Sell,19.99,2500
2025-07-24T03:38:10.6973233Z,Sell,19.98,1271
2025-07-24T03:38:10.7273233Z,Sell,19.98,158
2025-07-24T03:38:10.7373233Z,Sell,19.98,243
2025-07-24T03:38:10.7373233Z,Sell,19.98,166
2025-07-24T03:38:10.7473233Z,Sell,19.98,609
2025-07-24T03:38:10.7573233Z,Sell,19.98,550
2025-07-24T03:38:10.7773233Z,Sell,19.98,141
2025-07-24T03:38:10.7773233Z,Sell,19.98,715
2025-07-24T03:38:10.7773233Z,Sell,19.98,1298
2025-07-24T03:38:10.7873233Z,Sell,19.98,609
2025-07-24T03:38:10.7873233Z,Sell,19.98,296
2025-07-24T03:38:10.8373233Z,Sell,19.98,593
2025-07-24T03:38:10.8373233Z,Sell,19.98,1298
2025-07-24T03:38:10.8373233Z,Sell,19.98,2256
2025-07-24T03:38:10.8373233Z,Sell,19.98,609
2025-07-24T03:38:10.8373233Z,Sell,19.98,349
2025-07-24T03:38:10.8373233Z,Sell,19.98,26
2025-07-24T03:38:10.8473233Z,Sell,19.98,7107
2025-07-24T03:38:10.8473233Z,Sell,19.98,391
2025-07-24T03:38:10.8573233Z,Sell,19.98,2109
2025-07-24T03:38:10.8573233Z,Sell,19.98,318
2025-07-24T03:38:10.8773233Z,Buy,20.00,580
2025-07-24T03:38:10.8773233Z,Buy,20.00,148
2025-07-24T03:38:10.9073233Z,Sell,19.97,2500
2025-07-24T03:38:10.9073233Z,Sell,19.97,608
2025-07-24T03:38:10.9073233Z,Sell,19.96,87
2025-07-24T03:38:10.9173233Z,Sell,19.97,85
2025-07-24T03:38:10.9273233Z,Sell,19.97,208
2025-07-24T03:38:10.9573233Z,Buy,19.98,1279
2025-07-24T03:38:10.9573233Z,Buy,19.98,1219
2025-07-24T03:38:10.9673233Z,Sell,19.96,759
2025-07-24T03:38:10.9773233Z,Sell,19.96,263
2025-07-24T03:38:10.9873233Z,Sell,19.96,759
2025-07-24T03:38:10.9873233Z,Sell,19.96,574
2025-07-24T03:38:10.9973233Z,Sell,19.96,263
2025-07-24T03:38:10.9973233Z,Sell,19.96,904
2025-07-24T03:38:10.9973233Z,Sell,19.96,454
2025-07-24T03:38:11.0073233Z,Buy,19.98,1281
2025-07-24T03:38:11.0073233Z,Buy,19.98,1203
2025-07-24T03:38:11.0173233Z,Sell,19.96,647
2025-07-24T03:38:11.0573233Z,Sell,19.96,373
2025-07-24T03:38:11.0773233Z,Sell,19.96,2500
2025-07-24T03:38:11.0773233Z,Sell,19.96,563
2025-07-24T03:38:11.0773233Z,Sell,19.95,202
2025-07-24T03:38:11.0873233Z,Sell,19.96,1673
2025-07-24T03:38:11.0973233Z,Buy,19.98,1058
2025-07-24T03:38:11.1073233Z,Buy,19.98,1442
2025-07-24T03:38:11.1073233Z,Buy,19.98,541
2025-07-24T03:38:11.1473233Z,Sell,19.95,1400
2025-07-24T03:38:11.1673233Z,Sell,19.95,1149
2025-07-24T03:38:11.1773233Z,Sell,19.95,764
2025-07-24T03:38:11.1973233Z,Sell,19.95,1081
2025-07-24T03:38:11.2073233Z,Sell,19.94,716
2025-07-24T03:38:11.2173233Z,Sell,19.94,453
2025-07-24T03:38:11.2273233Z,Sell,19.94,1116
2025-07-24T03:38:11.2373233Z,Sell,19.94,2500
2025-07-24T03:38:11.2373233Z,Sell,19.93,990
2025-07-24T03:38:11.2473233Z,Buy,19.96,514
2025-07-24T03:38:11.2573233Z,Buy,19.96,1749
2025-07-24T03:38:11.2673233Z,Sell,19.94,2500
2025-07-24T03:38:11.2673233Z,Sell,19.93,2152
2025-07-24T03:38:11.2673233Z,Sell,19.92,941
2025-07-24T03:38:11.2773233Z,Buy,19.95,1508
2025-07-24T03:38:11.2873233Z,Buy,19.95,992
2025-07-24T03:38:11.2873233Z,Buy,19.95,1467
2025-07-24T03:38:11.2973233Z,Sell,19.93,1446
2025-07-24T03:38:11.3373233Z,Sell,19.93,390
2025-07-24T03:38:11.3373233Z,Sell,19.93,2500
2025-07-24T03:38:11.3373233Z,Sell,19.92,1237
2025-07-24T03:38:11.3473233Z,Sell,19.92,818
2025-07-24T03:38:11.3573233Z,Buy,19.94,215
2025-07-24T03:38:11.3673233Z,Sell,19.92,1682
2025-07-24T03:38:11.3673233Z,Sell,19.92,818
2025-07-24T03:38:11.3673233Z,Sell,19.91,2152
2025-07-24T03:38:11.3673233Z,Sell,19.90,1292
2025-07-24T03:38:11.3873233Z,Sell,19.91,228
2025-07-24T03:38:11.3973233Z,Sell,19.91,532
2025-07-24T03:38:11.4173233Z,Buy,19.93,1988
2025-07-24T03:38:11.4273233Z,Sell,19.91,229
2025-07-24T03:38:11.4573233Z,Sell,19.91,1906
2025-07-24T03:38:11.4973233Z,Sell,19.91,507
2025-07-24T03:38:11.4973233Z,Sell,19.91,1407
2025-07-24T03:38:11.5073233Z,Sell,19.90,1908
2025-07-24T03:38:11.5173233Z,Sell,19.90,393
2025-07-24T03:38:11.5273233Z,Sell,19.90,2500
2025-07-24T03:38:11.5273233Z,Sell,19.90,345
2025-07-24T03:38:11.5273233Z,Sell,19.89,567
2025-07-24T03:38:11.5773233Z,Sell,19.89,340
2025-07-24T03:38:11.5973233Z,Sell,19.89,2500
2025-07-24T03:38:11.5973233Z,Sell,19.88,356
2025-07-24T03:38:11.6073233Z,Sell,19.88,403
2025-07-24T03:38:11.6073233Z,Sell,19.88,1113
2025-07-24T03:38:11.6173233Z,Sell,19.88,1016
2025-07-24T03:38:11.6273233Z,Buy,19.90,426
2025-07-24T03:38:11.6473233Z,Sell,19.88,944
2025-07-24T03:38:11.6673233Z,Buy,19.90,717
2025-07-24T03:38:11.6773233Z,Buy,19.90,657
2025-07-24T03:38:11.6873233Z,Buy,19.90,235
2025-07-24T03:38:11.6873233Z,Buy,19.90,1783
2025-07-24T03:38:11.6873233Z,Buy,19.90,717
2025-07-24T03:38:11.6873233Z,Buy,19.90,660
2025-07-24T03:38:11.6973233Z,Sell,19.88,371
2025-07-24T03:38:11.6973233Z,Sell,19.88,1016
2025-07-24T03:38:11.6973233Z,Sell,19.88,169
2025-07-24T03:38:11.6973233Z,Sell,19.88,944
2025-07-24T03:38:11.6973233Z,Sell,19.87,174
2025-07-24T03:38:11.7173233Z,Buy,19.89,474
2025-07-24T03:38:11.7173233Z,Buy,19.89,2500
2025-07-24T03:38:11.7173233Z,Buy,19.90,2385
2025-07-24T03:38:11.7473233Z,Sell,19.87,177
2025-07-24T03:38:11.7773233Z,Sell,19.87,2213
2025-07-24T03:38:11.8073233Z,Buy,19.89,1033
2025-07-24T03:38:11.8173233Z,Sell,19.87,91
2025-07-24T03:38:11.8273233Z,Sell,19.87,1751
2025-07-24T03:38:11.8373233Z,Buy,19.89,851
2025-07-24T03:38:11.8473233Z,Sell,19.87,2129
2025-07-24T03:38:11.8773233Z,Sell,19.87,153
2025-07-24T03:38:11.8873233Z,Sell,19.87,2433
2025-07-24T03:38:11.9373233Z,Sell,19.87,621
2025-07-24T03:38:11.9373233Z,Sell,19.87,1922
2025-07-24T03:38:11.9473233Z,Buy,19.88,4779
2025-07-24T03:38:11.9473233Z,Buy,19.88,569
2025-07-24T03:38:11.9473233Z,Buy,19.88,2500
2025-07-24T03:38:11.9473233Z,Buy,19.89,1308
2025-07-24T03:38:11.9473233Z,Buy,19.89,60
2025-07-24T03:38:11.9473233Z,Buy,19.89,1660
2025-07-24T03:38:11.9473233Z,Buy,19.89,401
2025-07-24T03:38:11.9473233Z,Buy,19.89,2152
2025-07-24T03:38:11.9473233Z,Buy,19.90,495
2025-07-24T03:38:11.9473233Z,Buy,19.90,810
2025-07-24T03:38:11.9473233Z,Buy,19.90,443
2025-07-24T03:38:11.9473233Z,Buy,19.90,1852
2025-07-24T03:38:11.9473233Z,Buy,19.91,8331
2025-07-24T03:38:11.9473233Z,Buy,19.91,1594
2025-07-24T03:38:11.9473233Z,Buy,19.92,922
2025-07-24T03:38:11.9473233Z,Buy,19.92,884
2025-07-24T03:38:11.9473233Z,Buy,19.92,273
2025-07-24T03:38:11.9473233Z,Buy,19.92,1372
2025-07-24T03:38:11.9473233Z,Buy,19.93,164
2025-07-24T03:38:11.9473233Z,Buy,19.93,4204
2025-07-24T03:38:11.9473233Z,Buy,19.93,2712
2025-07-24T03:38:11.9473233Z,Buy,19.93,1181
2025-07-24T03:38:11.9473233Z,Buy,19.94,1016
2025-07-24T03:38:11.9473233Z,Buy,19.95,875
2025-07-24T03:38:11.9473233Z,Buy,19.96,5741
2025-07-24T03:38:11.9473233Z,Buy,19.96,753
2025-07-24T03:38:11.9473233Z,Buy,19.97,824
2025-07-24T03:38:11.9473233Z,Buy,19.97,648
2025-07-24T03:38:11.9473233Z,Buy,19.98,72
2025-07-24T03:38:11.9473233Z,Buy,19.98,4754
2025-07-24T03:38:11.9473233Z,Buy,19.98,6680
2025-07-24T03:38:11.9473233Z,Buy,19.99,303
2025-07-24T03:38:11.9473233Z,Buy,20.00,1867
2025-07-24T03:38:11.9473233Z,Buy,20.00,792
2025-07-24T03:38:11.9473233Z,Buy,20.00,466
2025-07-24T03:38:11.9473233Z,Buy,20.00,492
2025-07-24T03:38:11.9473233Z,Buy,20.00,1820
2025-07-24T03:38:11.9473233Z,Buy,20.01,12364
2025-07-24T03:38:11.9473233Z,Buy,20.01,814
2025-07-24T03:38:11.9473233Z,Buy,20.02,975
2025-07-24T03:38:11.9473233Z,Buy,20.02,330
2025-07-24T03:38:11.9473233Z,Buy,20.02,1698
2025-07-24T03:38:11.9473233Z,Buy,20.03,862
2025-07-24T03:38:11.9473233Z,Buy,20.03,2529
2025-07-24T03:38:11.9473233Z,Buy,20.04,440
2025-07-24T03:38:11.9473233Z,Buy,20.04,903
2025-07-24T03:38:11.9473233Z,Buy,20.06,6070
2025-07-24T03:38:11.9473233Z,Buy,20.06,1076
2025-07-24T03:38:11.9473233Z,Buy,20.09,180
2025-07-24T03:38:11.9873233Z,Sell,19.86,259
2025-07-24T03:38:11.9873233Z,Sell,19.86,1469
2025-07-24T03:38:11.9973233Z,Buy,19.87,673
2025-07-24T03:38:12.0373233Z,Buy,19.87,1150
2025-07-24T03:38:12.0573233Z,Buy,19.87,198
2025-07-24T03:38:12.0673233Z,Sell,19.86,533
2025-07-24T03:38:12.0773233Z,Buy,19.87,692
2025-07-24T03:38:12.0773233Z,Buy,19.87,799
2025-07-24T03:38:12.0773233Z,Buy,19.88,1556
2025-07-24T03:38:12.0873233Z,Buy,19.88,364
2025-07-24T03:38:12.1273233Z,Buy,19.88,1208
2025-07-24T03:38:12.1373233Z,Buy,19.88,360
2025-07-24T03:38:12.1473233Z,Buy,19.88,436
2025-07-24T03:38:12.1573233Z,Buy,19.88,94
2025-07-24T03:38:12.1773233Z,Buy,19.88,343
2025-07-24T03:38:12.1973233Z,Buy,19.88,1110
2025-07-24T03:38:12.2173233Z,Buy,19.88,491
2025-07-24T03:38:12.2273233Z,Buy,19.88,2500
2025-07-24T03:38:12.2273233Z,Buy,19.89,386
2025-07-24T03:38:12.2673233Z,Buy,19.89,2500
2025-07-24T03:38:12.2673233Z,Buy,19.89,2950
2025-07-24T03:38:12.2773233Z,Buy,19.89,674
2025-07-24T03:38:12.2773233Z,Buy,19.89,2385
2025-07-24T03:38:12.2873233Z,Buy,19.89,115
2025-07-24T03:38:12.2873233Z,Buy,19.89,2385
2025-07-24T03:38:12.2873233Z,Buy,19.90,2152
2025-07-24T03:38:12.2873233Z,Buy,19.91,1663
2025-07-24T03:38:12.2973233Z,Buy,19.90,680
2025-07-24T03:38:12.3373233Z,Buy,19.91,2500
2025-07-24T03:38:12.3373233Z,Buy,19.92,1513
2025-07-24T03:38:12.3573233Z,Buy,19.91,1878
2025-07-24T03:38:12.3673233Z,Buy,19.91,622
2025-07-24T03:38:12.3673233Z,Buy,19.91,258
2025-07-24T03:38:12.3973233Z,Buy,19.91,370
2025-07-24T03:38:12.4173233Z,Buy,19.91,880
2025-07-24T03:38:12.4173233Z,Buy,19.91,490
2025-07-24T03:38:12.5073233Z,Buy,19.92,637
2025-07-24T03:38:12.5373233Z,Buy,19.93,370
2025-07-24T03:38:12.5473233Z,Buy,19.93,2500
2025-07-24T03:38:12.5473233Z,Buy,19.93,871
2025-07-24T03:38:12.5473233Z,Buy,19.93,3874
2025-07-24T03:38:12.5573233Z,Buy,19.93,115
2025-07-24T03:38:12.5773233Z,Buy,19.93,885
2025-07-24T03:38:12.5973233Z,Buy,19.93,483
2025-07-24T03:38:12.6173233Z,Buy,19.93,3512
2025-07-24T03:38:12.6173233Z,Buy,19.94,507
2025-07-24T03:38:12.6373233Z,Buy,19.94,2500
2025-07-24T03:38:12.6373233Z,Buy,19.95,2152
2025-07-24T03:38:12.6373233Z,Buy,19.96,1852
2025-07-24T03:38:12.6373233Z,Buy,19.97,98
2025-07-24T03:38:12.6473233Z,Sell,19.93,815
2025-07-24T03:38:12.6673233Z,Buy,19.95,737
2025-07-24T03:38:12.6873233Z,Sell,19.94,64
2025-07-24T03:38:12.6873233Z,Sell,19.94,547
2025-07-24T03:38:12.7173233Z,Sell,19.94,413
2025-07-24T03:38:12.7273233Z,Buy,19.95,194
2025-07-24T03:38:12.7273233Z,Buy,19.96,420
2025-07-24T03:38:12.7473233Z,Buy,19.96,63
2025-07-24T03:38:12.7573233Z,Buy,19.96,553
2025-07-24T03:38:12.7673233Z,Buy,19.96,273
2025-07-24T03:38:12.7873233Z,Buy,19.96,965
2025-07-24T03:38:12.8073233Z,Buy,19.96,1075
2025-07-24T03:38:12.8473233Z,Buy,19.97,2500
2025-07-24T03:38:12.8473233Z,Buy,19.98,1032
2025-07-24T03:38:12.8573233Z,Buy,19.97,1006
2025-07-24T03:38:12.8773233Z,Buy,19.96,50
2025-07-24T03:38:12.8773233Z,Buy,19.97,2500
2025-07-24T03:38:12.8773233Z,Buy,19.98,2152
2025-07-24T03:38:12.8773233Z,Buy,19.99,1852
2025-07-24T03:38:12.8773233Z,Buy,19.99,667
2025-07-24T03:38:12.8773233Z,Buy,20.00,1594
2025-07-24T03:38:12.8773233Z,Buy,20.01,1372
2025-07-24T03:38:12.8773233Z,Buy,20.02,1181
2025-07-24T03:38:12.8773233Z,Buy,20.03,1016
2025-07-24T03:38:12.8773233Z,Buy,20.04,875
2025-07-24T03:38:12.8773233Z,Buy,20.05,753
2025-07-24T03:38:12.8773233Z,Buy,20.06,648
2025-07-24T03:38:12.8873233Z,Buy,19.96,163
2025-07-24T03:38:12.9173233Z,Buy,19.97,2500
2025-07-24T03:38:12.9173233Z,Buy,19.98,2152
2025-07-24T03:38:12.9173233Z,Buy,19.99,1852
2025-07-24T03:38:12.9173233Z,Buy,20.00,1594
2025-07-24T03:38:12.9173233Z,Buy,20.01,1372
2025-07-24T03:38:12.9173233Z,Buy,20.02,1181
2025-07-24T03:38:12.9173233Z,Buy,20.03,1016
2025-07-24T03:38:12.9173233Z,Buy,20.04,733
2025-07-24T03:38:12.9273233Z,Buy,20.00,2500
2025-07-24T03:38:12.9273233Z,Buy,20.01,278
2025-07-24T03:38:12.9573233Z,Sell,19.99,208
2025-07-24T03:38:12.9873233Z,Buy,20.00,743
2025-07-24T03:38:13.0273233Z,Sell,19.98,906
2025-07-24T03:38:13.0473233Z,Sell,19.98,1184
2025-07-24T03:38:13.0573233Z,Sell,19.98,31
2025-07-24T03:38:13.0773233Z,Buy,20.00,809
2025-07-24T03:38:13.0773233Z,Buy,20.00,168
2025-07-24T03:38:13.0873233Z,Buy,20.00,341
2025-07-24T03:38:13.0973233Z,Buy,20.00,1080
2025-07-24T03:38:13.1073233Z,Sell,19.98,120
2025-07-24T03:38:13.1273233Z,Buy,20.00,455
2025-07-24T03:38:13.1273233Z,Buy,20.00,501
2025-07-24T03:38:13.1573233Z,Buy,20.00,404
2025-07-24T03:38:13.1873233Z,Sell,19.99,795
2025-07-24T03:38:13.2073233Z,Sell,19.99,446
2025-07-24T03:38:13.2073233Z,Sell,19.99,715
2025-07-24T03:38:13.2073233Z,Sell,19.99,558
2025-07-24T03:38:13.2173233Z,Sell,19.98,612
2025-07-24T03:38:13.2273233Z,Buy,20.00,4059
2025-07-24T03:38:13.2673233Z,Buy,20.00,773
2025-07-24T03:38:13.2673233Z,Buy,20.00,866
2025-07-24T03:38:13.2673233Z,Buy,20.00,749
2025-07-24T03:38:13.2773233Z,Sell,19.99,1490
2025-07-24T03:38:13.3373233Z,Buy,20.00,396
2025-07-24T03:38:13.3473233Z,Buy,20.00,260
2025-07-24T03:38:13.3673233Z,Sell,19.99,1797
2025-07-24T03:38:13.3873233Z,Sell,19.99,3945
2025-07-24T03:38:13.4273233Z,Sell,19.99,195
2025-07-24T03:38:13.4373233Z,Buy,20.00,1756
2025-07-24T03:38:13.4573233Z,Buy,20.00,221
2025-07-24T03:38:13.4973233Z,Buy,20.00,141
2025-07-24T03:38:13.5173233Z,Buy,20.00,1211
2025-07-24T03:38:13.5273233Z,Buy,20.00,2085
2025-07-24T03:38:13.5573233Z,Buy,20.00,812
2025-07-24T03:38:13.5573233Z,Buy,20.00,391
2025-07-24T03:38:13.5573233Z,Buy,20.00,882
2025-07-24T03:38:13.5573233Z,Buy,20.00,10772
2025-07-24T03:38:13.5873233Z,Buy,20.00,215
2025-07-24T03:38:13.5873233Z,Buy,20.00,680
2025-07-24T03:38:13.5973233Z,Sell,19.99,1030
2025-07-24T03:38:13.5973233Z,Sell,19.99,2870
2025-07-24T03:38:13.6173233Z,Buy,20.00,743
2025-07-24T03:38:13.6673233Z,Sell,19.99,225
2025-07-24T03:38:13.6973233Z,Buy,20.00,2470
2025-07-24T03:38:13.6973233Z,Buy,20.00,3377
2025-07-24T03:38:13.7273233Z,Sell,19.99,507
2025-07-24T03:38:13.7273233Z,Sell,19.99,235
2025-07-24T03:38:13.7473233Z,Buy,20.00,429
2025-07-24T03:38:13.7573233Z,Sell,19.99,829
2025-07-24T03:38:13.7973233Z,Buy,20.00,1304
2025-07-24T03:38:13.8173233Z,Buy,20.00,48
2025-07-24T03:38:13.8173233Z,Buy,20.00,3304
2025-07-24T03:38:13.8173233Z,Buy,20.01,365
2025-07-24T03:38:13.8273233Z,Sell,19.99,2823
2025-07-24T03:38:13.8873233Z,Buy,20.01,478
2025-07-24T03:38:13.8973233Z,Buy,20.01,999
2025-07-24T03:38:13.9073233Z,Buy,20.01,297
2025-07-24T03:38:13.9373233Z,Buy,20.01,789
2025-07-24T03:38:13.9673233Z,Sell,19.99,1376
2025-07-24T03:38:13.9873233Z,Buy,20.01,2500
2025-07-24T03:38:13.9873233Z,Buy,20.01,394
2025-07-24T03:38:14.0073233Z,Buy,20.01,149
2025-07-24T03:38:14.0073233Z,Buy,20.01,374
2025-07-24T03:38:14.0073233Z,Buy,20.01,562
2025-07-24T03:38:14.0073233Z,Buy,20.01,409
2025-07-24T03:38:14.0173233Z,Buy,20.01,245
2025-07-24T03:38:14.0373233Z,Buy,20.01,409
2025-07-24T03:38:14.0373233Z,Buy,20.01,956
2025-07-24T03:38:14.0673233Z,Buy,20.00,531
2025-07-24T03:38:14.0673233Z,Buy,20.01,1207
2025-07-24T03:38:14.0773233Z,Buy,20.01,2500
2025-07-24T03:38:14.0773233Z,Buy,20.01,153
2025-07-24T03:38:14.0773233Z,Buy,20.02,2152
2025-07-24T03:38:14.0773233Z,Buy,20.02,254
2025-07-24T03:38:14.0773233Z,Buy,20.02,581
2025-07-24T03:38:14.0773233Z,Buy,20.02,372
2025-07-24T03:38:14.0773233Z,Buy,20.02,633
2025-07-24T03:38:14.0773233Z,Buy,20.03,1852
2025-07-24T03:38:14.0773233Z,Buy,20.04,1594
2025-07-24T03:38:14.0773233Z,Buy,20.05,99
2025-07-24T03:38:14.1073233Z,Sell,20.00,2500
2025-07-24T03:38:14.1073233Z,Sell,20.00,878
2025-07-24T03:38:14.1173233Z,Buy,20.02,541
2025-07-24T03:38:14.1273233Z,Sell,20.00,107
2025-07-24T03:38:14.1273233Z,Sell,20.00,389
2025-07-24T03:38:14.1573233Z,Buy,20.02,1618
2025-07-24T03:38:14.1673233Z,Buy,20.02,569
2025-07-24T03:38:14.1673233Z,Buy,20.02,882
2025-07-24T03:38:14.1673233Z,Buy,20.02,29
2025-07-24T03:38:14.2073233Z,Buy,20.03,946
2025-07-24T03:38:14.2173233Z,Buy,20.03,1456
2025-07-24T03:38:14.2273233Z,Buy,20.03,375
2025-07-24T03:38:14.2473233Z,Sell,20.01,71
2025-07-24T03:38:14.2473233Z,Sell,20.01,2500
2025-07-24T03:38:14.2473233Z,Sell,20.00,1600
2025-07-24T03:38:14.2473233Z,Sell,20.00,992
2025-07-24T03:38:14.2473233Z,Sell,20.00,2076
2025-07-24T03:38:14.2773233Z,Sell,20.00,647
2025-07-24T03:38:14.2773233Z,Sell,20.00,216
2025-07-24T03:38:14.2873233Z,Buy,20.02,278
2025-07-24T03:38:14.3073233Z,Buy,20.02,2500
2025-07-24T03:38:14.3073233Z,Buy,20.02,596
2025-07-24T03:38:14.3073233Z,Buy,20.03,2152
2025-07-24T03:38:14.3073233Z,Buy,20.03,442
2025-07-24T03:38:14.3073233Z,Buy,20.03,1318
2025-07-24T03:38:14.3073233Z,Buy,20.04,1852
2025-07-24T03:38:14.3073233Z,Buy,20.04,184
2025-07-24T03:38:14.3073233Z,Buy,20.05,1594
2025-07-24T03:38:14.3073233Z,Buy,20.06,1372
2025-07-24T03:38:14.3073233Z,Buy,20.07,1181
2025-07-24T03:38:14.3073233Z,Buy,20.08,1016
2025-07-24T03:38:14.3073233Z,Buy,20.09,875
2025-07-24T03:38:14.3073233Z,Buy,20.10,22
2025-07-24T03:38:14.3973233Z,Buy,20.06,982
2025-07-24T03:38:14.3973233Z,Buy,20.06,772
2025-07-24T03:38:14.4073233Z,Buy,20.06,303
2025-07-24T03:38:14.4073233Z,Buy,20.06,820
2025-07-24T03:38:14.4073233Z,Buy,20.07,125
2025-07-24T03:38:14.4173233Z,Sell,20.05,555
2025-07-24T03:38:14.4173233Z,Sell,20.05,116
2025-07-24T03:38:14.4773233Z,Buy,20.07,251
2025-07-24T03:38:14.4973233Z,Buy,20.07,351
2025-07-24T03:38:14.4973233Z,Buy,20.08,862
2025-07-24T03:38:14.5173233Z,Buy,20.08,2500
2025-07-24T03:38:14.5173233Z,Buy,20.08,42
2025-07-24T03:38:14.5373233Z,Buy,20.08,1474
2025-07-24T03:38:14.5773233Z,Sell,20.07,3173
2025-07-24T03:38:14.5773233Z,Sell,20.07,583
2025-07-24T03:38:14.5773233Z,Sell,20.07,1452
2025-07-24T03:38:14.5773233Z,Sell,20.07,2500
2025-07-24T03:38:14.5773233Z,Sell,20.06,185
2025-07-24T03:38:14.5773233Z,Sell,20.06,1128
2025-07-24T03:38:14.5873233Z,Sell,20.06,1108
2025-07-24T03:38:14.5873233Z,Sell,20.06,342
2025-07-24T03:38:14.6073233Z,Buy,20.08,248
2025-07-24T03:38:14.6373233Z,Sell,20.07,411
2025-07-24T03:38:14.6373233Z,Sell,20.07,387
2025-07-24T03:38:14.6473233Z,Buy,20.08,1349
2025-07-24T03:38:14.6473233Z,Buy,20.08,250
2025-07-24T03:38:14.6673233Z,Buy,20.08,109
2025-07-24T03:38:14.6773233Z,Buy,20.08,250
2025-07-24T03:38:14.6773233Z,Buy,20.08,2141
2025-07-24T03:38:14.6773233Z,Buy,20.08,109
2025-07-24T03:38:14.6773233Z,Buy,20.09,228
2025-07-24T03:38:14.6773233Z,Buy,20.09,2062
2025-07-24T03:38:14.6873233Z,Buy,20.09,1757
2025-07-24T03:38:14.6973233Z,Buy,20.09,743
2025-07-24T03:38:14.6973233Z,Buy,20.09,1757
2025-07-24T03:38:14.6973233Z,Buy,20.10,416
2025-07-24T03:38:14.7073233Z,Buy,20.09,2121
2025-07-24T03:38:14.7573233Z,Sell,20.07,282
2025-07-24T03:38:14.7873233Z,Buy,20.09,350
2025-07-24T03:38:14.8073233Z,Buy,20.09,548
2025-07-24T03:38:14.8173233Z,Sell,20.07,1683
2025-07-24T03:38:14.8273233Z,Buy,20.09,377
2025-07-24T03:38:14.8473233Z,Buy,20.09,538
2025-07-24T03:38:14.8573233Z,Buy,20.09,589
2025-07-24T03:38:14.8873233Z,Buy,20.09,1125
2025-07-24T03:38:14.9473233Z,Sell,20.08,1232
2025-07-24T03:38:14.9473233Z,Sell,20.08,228
2025-07-24T03:38:14.9573233Z,Buy,20.09,1140
2025-07-24T03:38:14.9573233Z,Buy,20.09,523
2025-07-24T03:38:14.9673233Z,Buy,20.09,2217
2025-07-24T03:38:14.9673233Z,Buy,20.09,1223
2025-07-24T03:38:14.9673233Z,Buy,20.10,218
2025-07-24T03:38:14.9773233Z,Buy,20.10,2331
2025-07-24T03:38:14.9973233Z,Buy,20.10,555
2025-07-24T03:38:15.0073233Z,Sell,20.08,1203
2025-07-24T03:38:15.0673233Z,Buy,20.10,434
2025-07-24T03:38:15.0773233Z,Buy,20.10,1056
2025-07-24T03:38:15.0973233Z,Buy,20.10,128
2025-07-24T03:38:15.1373233Z,Sell,20.09,520
2025-07-24T03:38:15.1373233Z,Sell,20.09,83
2025-07-24T03:38:15.1573233Z,Sell,20.08,1074
2025-07-24T03:38:15.1673233Z,Buy,20.10,1310
2025-07-24T03:38:15.1673233Z,Buy,20.10,44
2025-07-24T03:38:15.1973233Z,Buy,20.10,123
2025-07-24T03:38:15.2073233Z,Buy,20.10,465
2025-07-24T03:38:15.2173233Z,Buy,20.10,436
2025-07-24T03:38:15.2173233Z,Buy,20.10,128
2025-07-24T03:38:15.2173233Z,Buy,20.10,2658
2025-07-24T03:38:15.2373233Z,Sell,20.08,843
2025-07-24T03:38:15.2573233Z,Buy,20.10,247
2025-07-24T03:38:15.2773233Z,Sell,20.08,1024
2025-07-24T03:38:15.2873233Z,Sell,20.08,1261
2025-07-24T03:38:15.3173233Z,Buy,20.10,956
2025-07-24T03:38:15.3373233Z,Buy,20.10,852
2025-07-24T03:38:15.3573233Z,Buy,20.10,6804
2025-07-24T03:38:15.3673233Z,Buy,20.10,542
2025-07-24T03:38:15.3673233Z,Buy,20.11,935
2025-07-24T03:38:15.3773233Z,Buy,20.11,1767
2025-07-24T03:38:15.4073233Z,Buy,20.10,92
2025-07-24T03:38:15.4173233Z,Buy,20.10,524
2025-07-24T03:38:15.4173233Z,Buy,20.11,306
2025-07-24T03:38:15.4273233Z,Sell,20.09,1050
2025-07-24T03:38:15.4273233Z,Sell,20.09,2500
2025-07-24T03:38:15.4273233Z,Sell,20.08,288
2025-07-24T03:38:15.4273233Z,Sell,20.08,111
2025-07-24T03:38:15.4373233Z,Buy,20.10,2185
2025-07-24T03:38:15.4773233Z,Sell,20.08,993
2025-07-24T03:38:15.4973233Z,Buy,20.10,180
2025-07-24T03:38:15.5073233Z,Sell,20.08,959
2025-07-24T03:38:15.5273233Z,Buy,20.10,503
2025-07-24T03:38:15.5273233Z,Buy,20.10,73
2025-07-24T03:38:15.5673233Z,Buy,20.09,281
2025-07-24T03:38:15.5673233Z,Buy,20.10,1513
2025-07-24T03:38:15.5773233Z,Buy,20.10,1407
2025-07-24T03:38:15.6173233Z,Buy,20.10,2500
2025-07-24T03:38:15.6173233Z,Buy,20.10,837
2025-07-24T03:38:15.6173233Z,Buy,20.10,370
2025-07-24T03:38:15.6173233Z,Buy,20.10,497
2025-07-24T03:38:15.6373233Z,Buy,20.10,474
2025-07-24T03:38:15.6373233Z,Buy,20.10,626
2025-07-24T03:38:15.6873233Z,Buy,20.11,653
2025-07-24T03:38:15.7073233Z,Buy,20.11,98
2025-07-24T03:38:15.7173233Z,Buy,20.11,170
2025-07-24T03:38:15.7273233Z,Buy,20.11,1133
2025-07-24T03:38:15.7373233Z,Buy,20.11,267
2025-07-24T03:38:15.7773233Z,Sell,20.09,5313
2025-07-24T03:38:15.7773233Z,Sell,20.09,438
2025-07-24T03:38:15.7773233Z,Sell,20.09,2089
2025-07-24T03:38:15.7873233Z,Buy,20.10,318
2025-07-24T03:38:15.7973233Z,Buy,20.10,319
2025-07-24T03:38:15.8073233Z,Buy,20.10,167
2025-07-24T03:38:15.8373233Z,Buy,20.10,1496
2025-07-24T03:38:15.8373233Z,Buy,20.11,164
2025-07-24T03:38:15.8473233Z,Buy,20.11,2466
2025-07-24T03:38:15.8673233Z,Sell,20.09,406
2025-07-24T03:38:15.8673233Z,Sell,20.09,178
2025-07-24T03:38:15.8773233Z,Buy,20.11,284
2025-07-24T03:38:15.9073233Z,Sell,20.08,2500
2025-07-24T03:38:15.9073233Z,Sell,20.08,136
2025-07-24T03:38:15.9173233Z,Sell,20.08,732
2025-07-24T03:38:15.9373233Z,Sell,20.08,1579
2025-07-24T03:38:15.9573233Z,Sell,20.08,175
2025-07-24T03:38:15.9773233Z,Buy,20.09,121
2025-07-24T03:38:15.9873233Z,Buy,20.09,351
2025-07-24T03:38:15.9873233Z,Buy,20.10,487
2025-07-24T03:38:15.9973233Z,Buy,20.10,346
2025-07-24T03:38:16.0173233Z,Buy,20.10,1905
2025-07-24T03:38:16.0273233Z,Sell,20.08,46
2025-07-24T03:38:16.0273233Z,Sell,20.08,94
2025-07-24T03:38:16.0473233Z,Buy,20.10,2500
2025-07-24T03:38:16.0473233Z,Buy,20.10,55
2025-07-24T03:38:16.0673233Z,Sell,20.08,580
2025-07-24T03:38:16.0773233Z,Buy,20.10,528
2025-07-24T03:38:16.1373233Z,Sell,20.08,161
2025-07-24T03:38:16.1573233Z,Buy,20.09,239
2025-07-24T03:38:16.1573233Z,Buy,20.09,209
2025-07-24T03:38:16.1673233Z,Buy,20.09,163
2025-07-24T03:38:16.1673233Z,Buy,20.10,1863
2025-07-24T03:38:16.1773233Z,Sell,20.08,170
2025-07-24T03:38:16.1873233Z,Sell,20.08,247
2025-07-24T03:38:16.1873233Z,Sell,20.08,757
2025-07-24T03:38:16.2273233Z,Buy,20.09,217
2025-07-24T03:38:16.2273233Z,Buy,20.10,537
2025-07-24T03:38:16.2373233Z,Sell,20.08,607
2025-07-24T03:38:16.2573233Z,Buy,20.10,1827
2025-07-24T03:38:16.2773233Z,Buy,20.10,643
2025-07-24T03:38:16.2873233Z,Buy,20.10,1162
2025-07-24T03:38:16.3173233Z,Buy,20.10,1412
2025-07-24T03:38:16.3173233Z,Buy,20.10,2410
2025-07-24T03:38:16.3173233Z,Buy,20.10,1795
2025-07-24T03:38:16.3173233Z,Buy,20.10,2229
2025-07-24T03:38:16.3173233Z,Buy,20.10,962
2025-07-24T03:38:16.3173233Z,Buy,20.11,2500
2025-07-24T03:38:16.3173233Z,Buy,20.11,2300
2025-07-24T03:38:16.3173233Z,Buy,20.11,316
2025-07-24T03:38:16.3173233Z,Buy,20.11,329
2025-07-24T03:38:16.3173233Z,Buy,20.12,2040
2025-07-24T03:38:16.3373233Z,Sell,20.09,754
2025-07-24T03:38:16.3873233Z,Sell,20.10,276
2025-07-24T03:38:16.3973233Z,Buy,20.12,2500
2025-07-24T03:38:16.3973233Z,Buy,20.12,504
2025-07-24T03:38:16.3973233Z,Buy,20.12,746
2025-07-24T03:38:16.4073233Z,Buy,20.12,382
2025-07-24T03:38:16.4173233Z,Buy,20.12,1065
2025-07-24T03:38:16.4173233Z,Buy,20.12,1081
2025-07-24T03:38:16.4273233Z,Buy,20.12,2451
2025-07-24T03:38:16.4473233Z,Sell,20.10,1585
2025-07-24T03:38:16.4473233Z,Sell,20.10,1812
2025-07-24T03:38:16.4573233Z,Buy,20.12,155
2025-07-24T03:38:16.4873233Z,Buy,20.12,807
2025-07-24T03:38:16.4973233Z,Buy,20.12,49
2025-07-24T03:38:16.4973233Z,Buy,20.12,42
2025-07-24T03:38:16.5073233Z,Buy,20.12,325
2025-07-24T03:38:16.5073233Z,Buy,20.12,2481
2025-07-24T03:38:16.5173233Z,Buy,20.12,91
2025-07-24T03:38:16.5173233Z,Buy,20.12,11954
2025-07-24T03:38:16.5473233Z,Sell,20.10,322
2025-07-24T03:38:16.5673233Z,Buy,20.12,148
2025-07-24T03:38:16.5973233Z,Buy,20.12,1994
2025-07-24T03:38:16.5973233Z,Buy,20.13,2500
2025-07-24T03:38:16.5973233Z,Buy,20.13,2663
2025-07-24T03:38:16.5973233Z,Buy,20.14,2152
2025-07-24T03:38:16.5973233Z,Buy,20.15,1852
2025-07-24T03:38:16.5973233Z,Buy,20.16,195
2025-07-24T03:38:16.6173233Z,Buy,20.14,441
2025-07-24T03:38:16.6273233Z,Sell,20.12,2454
2025-07-24T03:38:16.6473233Z,Buy,20.14,963
2025-07-24T03:38:16.6473233Z,Buy,20.14,2126
2025-07-24T03:38:16.6673233Z,Buy,20.14,374
2025-07-24T03:38:16.6673233Z,Buy,20.14,431
2025-07-24T03:38:16.6973233Z,Buy,20.14,952
2025-07-24T03:38:16.7373233Z,Sell,20.14,885
2025-07-24T03:38:16.7373233Z,Sell,20.13,348
2025-07-24T03:38:16.7473233Z,Buy,20.15,2228
2025-07-24T03:38:16.7673233Z,Buy,20.15,272
2025-07-24T03:38:16.7673233Z,Buy,20.15,160
2025-07-24T03:38:16.7773233Z,Sell,20.13,253
2025-07-24T03:38:16.7873233Z,Sell,20.13,348
2025-07-24T03:38:16.7873233Z,Sell,20.13,688
2025-07-24T03:38:16.8173233Z,Sell,20.14,264
2025-07-24T03:38:16.8473233Z,Sell,20.15,406
2025-07-24T03:38:16.8573233Z,Sell,20.15,535
2025-07-24T03:38:16.8573233Z,Sell,20.15,97
2025-07-24T03:38:16.8773233Z,Buy,20.17,865
2025-07-24T03:38:16.8873233Z,Buy,20.17,92
2025-07-24T03:38:16.8973233Z,Buy,20.17,992
2025-07-24T03:38:16.9073233Z,Buy,20.17,938
2025-07-24T03:38:16.9173233Z,Buy,20.17,761
2025-07-24T03:38:16.9773233Z,Sell,20.16,380
2025-07-24T03:38:16.9773233Z,Sell,20.16,2500
2025-07-24T03:38:16.9773233Z,Sell,20.15,692
2025-07-24T03:38:16.9873233Z,Sell,20.15,240
2025-07-24T03:38:16.9873233Z,Sell,20.15,10
2025-07-24T03:38:16.9973233Z,Buy,20.17,1068
2025-07-24T03:38:17.0173233Z,Buy,20.17,101
2025-07-24T03:38:17.0473233Z,Sell,20.15,1834
2025-07-24T03:38:17.0673233Z,Sell,20.15,404
2025-07-24T03:38:17.0873233Z,Buy,20.17,3311
2025-07-24T03:38:17.0873233Z,Buy,20.17,877
2025-07-24T03:38:17.1073233Z,Buy,20.17,101
2025-07-24T03:38:17.1073233Z,Buy,20.17,941
2025-07-24T03:38:17.1173233Z,Buy,20.17,877
2025-07-24T03:38:17.1173233Z,Buy,20.17,495
2025-07-24T03:38:17.1473233Z,Buy,20.17,1042
2025-07-24T03:38:17.1473233Z,Buy,20.17,86
2025-07-24T03:38:17.1473233Z,Buy,20.17,801
2025-07-24T03:38:17.1773233Z,Sell,20.16,970
2025-07-24T03:38:17.1873233Z,Buy,20.18,2500
2025-07-24T03:38:17.1873233Z,Buy,20.18,71
2025-07-24T03:38:17.2173233Z,Buy,20.18,1335
2025-07-24T03:38:17.2273233Z,Buy,20.18,1681
2025-07-24T03:38:17.2373233Z,Buy,20.18,4332
2025-07-24T03:38:17.2373233Z,Buy,20.18,635
2025-07-24T03:38:17.2773233Z,Sell,20.16,19
2025-07-24T03:38:17.2773233Z,Sell,20.16,2500
2025-07-24T03:38:17.2773233Z,Sell,20.16,1454
2025-07-24T03:38:17.2773233Z,Sell,20.15,5850
2025-07-24T03:38:17.2973233Z,Buy,20.18,2500
2025-07-24T03:38:17.2973233Z,Buy,20.18,393
2025-07-24T03:38:17.2973233Z,Buy,20.19,978
2025-07-24T03:38:17.3173233Z,Sell,20.16,287
2025-07-24T03:38:17.4073233Z,Buy,20.17,550
2025-07-24T03:38:17.4273233Z,Buy,20.17,893
2025-07-24T03:38:17.4273233Z,Buy,20.17,458
2025-07-24T03:38:17.4273233Z,Buy,20.18,461
2025-07-24T03:38:17.4473233Z,Buy,20.18,386
2025-07-24T03:38:17.4573233Z,Sell,20.16,1132
2025-07-24T03:38:17.4573233Z,Sell,20.16,442
2025-07-24T03:38:17.4573233Z,Sell,20.16,2205
2025-07-24T03:38:17.4573233Z,Sell,20.16,1012
2025-07-24T03:38:17.4573233Z,Sell,20.16,1672
2025-07-24T03:38:17.4673233Z,Buy,20.18,2500
2025-07-24T03:38:17.4673233Z,Buy,20.18,304
2025-07-24T03:38:17.4673233Z,Buy,20.18,395
2025-07-24T03:38:17.4673233Z,Buy,20.19,2152
2025-07-24T03:38:17.4673233Z,Buy,20.19,1716
2025-07-24T03:38:17.4673233Z,Buy,20.19,250
2025-07-24T03:38:17.4673233Z,Buy,20.21,1594
2025-07-24T03:38:17.4673233Z,Buy,20.22,392
2025-07-24T03:38:17.4973233Z,Buy,20.20,687
2025-07-24T03:38:17.5073233Z,Sell,20.19,367
2025-07-24T03:38:17.5073233Z,Sell,20.19,742
2025-07-24T03:38:17.5173233Z,Buy,20.20,1908
2025-07-24T03:38:17.5673233Z,Buy,20.20,47
2025-07-24T03:38:17.5673233Z,Buy,20.21,2500
2025-07-24T03:38:17.5673233Z,Buy,20.22,337
2025-07-24T03:38:17.5873233Z,Buy,20.21,278
2025-07-24T03:38:17.6073233Z,Sell,20.19,802
2025-07-24T03:38:17.6173233Z,Sell,20.19,488
2025-07-24T03:38:17.6573233Z,Sell,20.19,742
2025-07-24T03:38:17.6673233Z,Buy,20.21,259
2025-07-24T03:38:17.6973233Z,Buy,20.20,166
2025-07-24T03:38:17.6973233Z,Buy,20.21,102
2025-07-24T03:38:17.7073233Z,Buy,20.21,2500
2025-07-24T03:38:17.7073233Z,Buy,20.22,406
2025-07-24T03:38:17.7373233Z,Buy,20.22,1477
2025-07-24T03:38:17.7473233Z,Sell,20.20,1151
2025-07-24T03:38:17.7473233Z,Sell,20.20,706
2025-07-24T03:38:17.7573233Z,Buy,20.22,487
2025-07-24T03:38:17.7673233Z,Buy,20.22,2013
2025-07-24T03:38:17.7673233Z,Buy,20.22,285
2025-07-24T03:38:17.7773233Z,Sell,20.20,185
2025-07-24T03:38:17.7873233Z,Sell,20.20,706
2025-07-24T03:38:17.7873233Z,Sell,20.20,1609
2025-07-24T03:38:17.7873233Z,Sell,20.20,185
2025-07-24T03:38:17.7873233Z,Sell,20.19,164
2025-07-24T03:38:17.7973233Z,Sell,20.19,521
2025-07-24T03:38:17.8173233Z,Buy,20.21,956
2025-07-24T03:38:17.8273233Z,Buy,20.21,1448
2025-07-24T03:38:17.8373233Z,Sell,20.19,669
2025-07-24T03:38:17.8573233Z,Buy,20.21,956
2025-07-24T03:38:17.8573233Z,Buy,20.21,17
2025-07-24T03:38:17.8673233Z,Sell,20.19,521
2025-07-24T03:38:17.8673233Z,Sell,20.19,1310
2025-07-24T03:38:17.8673233Z,Sell,20.19,75
2025-07-24T03:38:17.8773233Z,Buy,20.21,512
2025-07-24T03:38:17.8973233Z,Sell,20.19,594
2025-07-24T03:38:17.8973233Z,Sell,20.19,96
2025-07-24T03:38:17.9273233Z,Sell,20.19,119
2025-07-24T03:38:17.9373233Z,Sell,20.19,1299
2025-07-24T03:38:17.9473233Z,Buy,20.20,701
2025-07-24T03:38:17.9473233Z,Buy,20.20,609
2025-07-24T03:38:17.9473233Z,Buy,20.21,2500
2025-07-24T03:38:17.9473233Z,Buy,20.22,307
2025-07-24T03:38:17.9773233Z,Buy,20.21,2138
2025-07-24T03:38:17.9973233Z,Sell,20.20,812
2025-07-24T03:38:18.0073233Z,Sell,20.20,755
2025-07-24T03:38:18.0073233Z,Sell,20.20,1278
2025-07-24T03:38:18.0273233Z,Sell,20.20,343
2025-07-24T03:38:18.0373233Z,Buy,20.22,2500
2025-07-24T03:38:18.0373233Z,Buy,20.22,285
2025-07-24T03:38:18.0373233Z,Buy,20.22,1228
2025-07-24T03:38:18.0373233Z,Buy,20.23,1771
2025-07-24T03:38:18.0673233Z,Sell,20.21,4596
2025-07-24T03:38:18.0773233Z,Sell,20.21,811
2025-07-24T03:38:18.0773233Z,Sell,20.21,1273
2025-07-24T03:38:18.0873233Z,Sell,20.20,451
2025-07-24T03:38:18.0973233Z,Sell,20.20,1541
2025-07-24T03:38:18.1273233Z,Buy,20.22,695
2025-07-24T03:38:18.1473233Z,Buy,20.22,735
2025-07-24T03:38:18.1573233Z,Buy,20.22,170
2025-07-24T03:38:18.1573233Z,Buy,20.22,1888
2025-07-24T03:38:18.1573233Z,Buy,20.23,2108
2025-07-24T03:38:18.2173233Z,Sell,20.22,1818
2025-07-24T03:38:18.2173233Z,Sell,20.22,298
2025-07-24T03:38:18.2173233Z,Sell,20.22,2500
2025-07-24T03:38:18.2173233Z,Sell,20.21,313
2025-07-24T03:38:18.2573233Z,Buy,20.23,1098
2025-07-24T03:38:18.2773233Z,Sell,20.22,3276
2025-07-24T03:38:18.2773233Z,Sell,20.22,170
2025-07-24T03:38:18.2773233Z,Sell,20.22,557
2025-07-24T03:38:18.2873233Z,Buy,20.23,1020
2025-07-24T03:38:18.2873233Z,Buy,20.23,1668
2025-07-24T03:38:18.2873233Z,Buy,20.23,639
2025-07-24T03:38:18.2873233Z,Buy,20.23,226
2025-07-24T03:38:18.2873233Z,Buy,20.24,2500
2025-07-24T03:38:18.2873233Z,Buy,20.25,693
2025-07-24T03:38:18.2973233Z,Buy,20.24,2500
2025-07-24T03:38:18.2973233Z,Buy,20.25,2152
2025-07-24T03:38:18.2973233Z,Buy,20.26,1852
2025-07-24T03:38:18.2973233Z,Buy,20.27,1594
2025-07-24T03:38:18.2973233Z,Buy,20.28,1372
2025-07-24T03:38:18.2973233Z,Buy,20.29,1181
2025-07-24T03:38:18.2973233Z,Buy,20.30,1016
2025-07-24T03:38:18.2973233Z,Buy,20.31,875
2025-07-24T03:38:18.2973233Z,Buy,20.32,753
2025-07-24T03:38:18.2973233Z,Buy,20.33,648
2025-07-24T03:38:18.3173233Z,Sell,20.21,585
2025-07-24T03:38:18.3173233Z,Sell,20.21,463
2025-07-24T03:38:18.3173233Z,Sell,20.21,648
2025-07-24T03:38:18.3173233Z,Sell,20.21,2152
2025-07-24T03:38:18.3173233Z,Sell,20.21,348
2025-07-24T03:38:18.3173233Z,Sell,20.20,237
2025-07-24T03:38:18.3173233Z,Sell,20.20,674
2025-07-24T03:38:18.3273233Z,Sell,20.21,2380
2025-07-24T03:38:18.3373233Z,Sell,20.21,120
2025-07-24T03:38:18.3373233Z,Sell,20.21,1732
2025-07-24T03:38:18.3773233Z,Sell,20.20,574
2025-07-24T03:38:18.3873233Z,Buy,20.22,4142
2025-07-24T03:38:18.3873233Z,Buy,20.22,97
2025-07-24T03:38:18.4573233Z,Sell,20.21,2575
2025-07-24T03:38:18.4573233Z,Sell,20.21,422
2025-07-24T03:38:18.4773233Z,Buy,20.23,887
2025-07-24T03:38:18.4873233Z,Buy,20.23,1613
2025-07-24T03:38:18.4873233Z,Buy,20.23,887
2025-07-24T03:38:18.4873233Z,Buy,20.23,1275
2025-07-24T03:38:18.4873233Z,Buy,20.23,2065
2025-07-24T03:38:18.5273233Z,Sell,20.21,45
2025-07-24T03:38:18.5373233Z,Sell,20.21,472
2025-07-24T03:38:18.5773233Z,Sell,20.22,128
2025-07-24T03:38:18.5873233Z,Sell,20.22,819
2025-07-24T03:38:18.6073233Z,Sell,20.22,253
2025-07-24T03:38:18.6273233Z,Buy,20.23,172
2025-07-24T03:38:18.6373233Z,Buy,20.23,1721
2025-07-24T03:38:18.6373233Z,Buy,20.23,394
2025-07-24T03:38:18.6573233Z,Buy,20.23,1679
2025-07-24T03:38:18.6573233Z,Buy,20.23,727
2025-07-24T03:38:18.6573233Z,Buy,20.24,768
2025-07-24T03:38:18.6673233Z,Buy,20.24,2500
2025-07-24T03:38:18.6673233Z,Buy,20.24,1492
2025-07-24T03:38:18.6773233Z,Buy,20.24,668
2025-07-24T03:38:18.6773233Z,Buy,20.24,273
2025-07-24T03:38:18.6873233Z,Buy,20.24,2385
2025-07-24T03:38:18.7073233Z,Sell,20.22,945
2025-07-24T03:38:18.7073233Z,Sell,20.22,411
2025-07-24T03:38:18.7073233Z,Sell,20.22,289
2025-07-24T03:38:18.7173233Z,Buy,20.24,2500
2025-07-24T03:38:18.7173233Z,Buy,20.24,653
2025-07-24T03:38:18.7273233Z,Sell,20.22,1589
2025-07-24T03:38:18.7373233Z,Sell,20.22,289
2025-07-24T03:38:18.7373233Z,Sell,20.22,541
2025-07-24T03:38:18.7473233Z,Buy,20.24,516
2025-07-24T03:38:18.7473233Z,Buy,20.24,5705
2025-07-24T03:38:18.7773233Z,Buy,20.24,1586
2025-07-24T03:38:18.8073233Z,Buy,20.24,1441
2025-07-24T03:38:18.8073233Z,Buy,20.24,516
2025-07-24T03:38:18.8173233Z,Buy,20.24,1964
2025-07-24T03:38:18.8173233Z,Buy,20.25,2166
2025-07-24T03:38:18.8373233Z,Sell,20.23,394
2025-07-24T03:38:18.8373233Z,Sell,20.23,884
2025-07-24T03:38:18.8473233Z,Sell,20.23,291
2025-07-24T03:38:18.8873233Z,Sell,20.22,162
2025-07-24T03:38:18.9373233Z,Buy,20.24,844
2025-07-24T03:38:18.9373233Z,Buy,20.24,914
2025-07-24T03:38:18.9473233Z,Buy,20.24,4153
2025-07-24T03:38:18.9573233Z,Sell,20.23,421
2025-07-24T03:38:18.9773233Z,Buy,20.24,1625
2025-07-24T03:38:18.9773233Z,Buy,20.25,812
2025-07-24T03:38:18.9973233Z,Buy,20.24,290
2025-07-24T03:38:18.9973233Z,Buy,20.25,2078
2025-07-24T03:38:19.0073233Z,Buy,20.25,980
2025-07-24T03:38:19.0573233Z,Sell,20.24,1558
2025-07-24T03:38:19.0573233Z,Sell,20.24,1
2025-07-24T03:38:19.0673233Z,Buy,20.25,379
2025-07-24T03:38:19.0773233Z,Buy,20.25,471
2025-07-24T03:38:19.0873233Z,Buy,20.25,348
2025-07-24T03:38:19.0973233Z,Buy,20.25,569
2025-07-24T03:38:19.0973233Z,Buy,20.25,879
2025-07-24T03:38:19.1073233Z,Sell,20.23,1491
2025-07-24T03:38:19.1373233Z,Buy,20.25,1584
2025-07-24T03:38:19.1373233Z,Buy,20.25,918
2025-07-24T03:38:19.1473233Z,Buy,20.25,584
2025-07-24T03:38:19.1573233Z,Buy,20.25,501
2025-07-24T03:38:19.1973233Z,Buy,20.25,336
2025-07-24T03:38:19.1973233Z,Buy,20.26,791
2025-07-24T03:38:19.2073233Z,Buy,20.26,682
2025-07-24T03:38:19.2173233Z,Buy,20.26,2500
2025-07-24T03:38:19.2173233Z,Buy,20.26,267
2025-07-24T03:38:19.2373233Z,Buy,20.26,78
2025-07-24T03:38:19.2373233Z,Buy,20.26,613
2025-07-24T03:38:19.2673233Z,Buy,20.26,325
2025-07-24T03:38:19.2673233Z,Buy,20.26,1007
2025-07-24T03:38:19.2773233Z,Buy,20.26,613
2025-07-24T03:38:19.2773233Z,Buy,20.26,135
2025-07-24T03:38:19.2973233Z,Buy,20.26,1007
2025-07-24T03:38:19.2973233Z,Buy,20.26,745
2025-07-24T03:38:19.2973233Z,Buy,20.26,748
2025-07-24T03:38:19.2973233Z,Buy,20.27,2152
2025-07-24T03:38:19.2973233Z,Buy,20.28,1654
2025-07-24T03:38:19.3073233Z,Buy,20.27,2500
2025-07-24T03:38:19.3073233Z,Buy,20.28,198
2025-07-24T03:38:19.3073233Z,Buy,20.28,1954
2025-07-24T03:38:19.3073233Z,Buy,20.29,1594
2025-07-24T03:38:19.3073233Z,Buy,20.29,258
2025-07-24T03:38:19.3073233Z,Buy,20.30,1372
2025-07-24T03:38:19.3073233Z,Buy,20.30,222
2025-07-24T03:38:19.3073233Z,Buy,20.31,1181
2025-07-24T03:38:19.3073233Z,Buy,20.31,191
2025-07-24T03:38:19.3073233Z,Buy,20.32,1016
2025-07-24T03:38:19.3073233Z,Buy,20.32,165
2025-07-24T03:38:19.3073233Z,Buy,20.33,875
2025-07-24T03:38:19.3073233Z,Buy,20.33,68
2025-07-24T03:38:19.3273233Z,Sell,20.29,781
2025-07-24T03:38:19.3273233Z,Sell,20.29,2500
2025-07-24T03:38:19.3273233Z,Sell,20.28,2152
2025-07-24T03:38:19.3273233Z,Sell,20.27,992
2025-07-24T03:38:19.4073233Z,Buy,20.29,202
2025-07-24T03:38:19.4173233Z,Buy,20.29,76
2025-07-24T03:38:19.4173233Z,Buy,20.30,2500
2025-07-24T03:38:19.4173233Z,Buy,20.31,1997
2025-07-24T03:38:19.4373233Z,Buy,20.30,725
2025-07-24T03:38:19.4473233Z,Buy,20.30,1775
2025-07-24T03:38:19.4473233Z,Buy,20.30,200
2025-07-24T03:38:19.4573233Z,Buy,20.30,525
2025-07-24T03:38:19.4573233Z,Buy,20.30,958
2025-07-24T03:38:19.5173233Z,Sell,20.30,85
2025-07-24T03:38:19.6173233Z,Buy,20.31,2463
2025-07-24T03:38:19.6373233Z,Buy,20.31,355
2025-07-24T03:38:19.6373233Z,Buy,20.32,1263
2025-07-24T03:38:19.6973233Z,Buy,20.33,933
2025-07-24T03:38:19.7173233Z,Buy,20.33,295
2025-07-24T03:38:19.7173233Z,Buy,20.33,264
2025-07-24T03:38:19.7173233Z,Buy,20.33,886
2025-07-24T03:38:19.7573233Z,Buy,20.33,664
2025-07-24T03:38:19.7673233Z,Buy,20.33,127
2025-07-24T03:38:19.7973233Z,Buy,20.34,1714
2025-07-24T03:38:19.8673233Z,Buy,20.34,512
2025-07-24T03:38:19.8673233Z,Buy,20.35,812
2025-07-24T03:38:19.9073233Z,Buy,20.36,2320
2025-07-24T03:38:19.9173233Z,Buy,20.36,1803
2025-07-24T03:38:20.0173233Z,Sell,20.34,842
2025-07-24T03:38:20.0173233Z,Sell,20.34,1423
2025-07-24T03:38:20.0173233Z,Sell,20.34,730
2025-07-24T03:38:20.0173233Z,Sell,20.34,605
2025-07-24T03:38:20.0173233Z,Sell,20.34,361
2025-07-24T03:38:20.0173233Z,Sell,20.34,150
2025-07-24T03:38:20.0173233Z,Sell,20.34,1648
2025-07-24T03:38:20.0473233Z,Buy,20.35,858
2025-07-24T03:38:20.0473233Z,Buy,20.35,1039
2025-07-24T03:38:20.0473233Z,Buy,20.35,1688
2025-07-24T03:38:20.0573233Z,Buy,20.35,565
2025-07-24T03:38:20.0873233Z,Buy,20.35,347
2025-07-24T03:38:20.0973233Z,Sell,20.33,2197
2025-07-24T03:38:20.1173233Z,Sell,20.33,303
2025-07-24T03:38:20.1173233Z,Sell,20.33,144
2025-07-24T03:38:20.1273233Z,Buy,20.35,247
2025-07-24T03:38:20.1273233Z,Buy,20.35,565
2025-07-24T03:38:20.1273233Z,Buy,20.35,1341
2025-07-24T03:38:20.1273233Z,Buy,20.35,347
2025-07-24T03:38:20.1273233Z,Buy,20.36,72
2025-07-24T03:38:20.1773233Z,Buy,20.36,141
2025-07-24T03:38:20.2073233Z,Sell,20.34,99
2025-07-24T03:38:20.2073233Z,Sell,20.34,1942
2025-07-24T03:38:20.2173233Z,Sell,20.34,1022
2025-07-24T03:38:20.2173233Z,Sell,20.34,122
2025-07-24T03:38:20.2273233Z,Buy,20.36,2500
2025-07-24T03:38:20.2273233Z,Buy,20.36,196
2025-07-24T03:38:20.2473233Z,Sell,20.34,604
2025-07-24T03:38:20.2473233Z,Sell,20.34,22
2025-07-24T03:38:20.3073233Z,Buy,20.36,1068
2025-07-24T03:38:20.3173233Z,Buy,20.36,505
2025-07-24T03:38:20.3273233Z,Buy,20.36,293
2025-07-24T03:38:20.3373233Z,Sell,20.35,304
2025-07-24T03:38:20.3373233Z,Sell,20.35,2500
2025-07-24T03:38:20.3373233Z,Sell,20.34,674
2025-07-24T03:38:20.3373233Z,Sell,20.34,1036
2025-07-24T03:38:20.3373233Z,Sell,20.34,1346
2025-07-24T03:38:20.3473233Z,Buy,20.36,415
2025-07-24T03:38:20.3573233Z,Sell,20.34,1822
2025-07-24T03:38:20.3673233Z,Sell,20.34,50
2025-07-24T03:38:20.3773233Z,Buy,20.36,952
2025-07-24T03:38:20.4073233Z,Sell,20.33,1112
2025-07-24T03:38:20.4173233Z,Buy,20.35,3054
2025-07-24T03:38:20.4273233Z,Buy,20.35,32
2025-07-24T03:38:20.4273233Z,Buy,20.35,2500
2025-07-24T03:38:20.4273233Z,Buy,20.36,90
2025-07-24T03:38:20.4273233Z,Buy,20.36,2152
2025-07-24T03:38:20.4273233Z,Buy,20.37,106
2025-07-24T03:38:20.4273233Z,Buy,20.37,2934
2025-07-24T03:38:20.4273233Z,Buy,20.37,1852
2025-07-24T03:38:20.4273233Z,Buy,20.38,3229
2025-07-24T03:38:20.4473233Z,Sell,20.35,476
2025-07-24T03:38:20.4673233Z,Buy,20.37,99
2025-07-24T03:38:20.4773233Z,Sell,20.35,2024
2025-07-24T03:38:20.4773233Z,Sell,20.35,476
2025-07-24T03:38:20.4773233Z,Sell,20.34,205
2025-07-24T03:38:20.4873233Z,Buy,20.36,2500
2025-07-24T03:38:20.4873233Z,Buy,20.37,1887
2025-07-24T03:38:20.4873233Z,Buy,20.37,2152
2025-07-24T03:38:20.4873233Z,Buy,20.38,368
2025-07-24T03:38:20.4873233Z,Buy,20.38,447
2025-07-24T03:38:20.5273233Z,Buy,20.36,2232
2025-07-24T03:38:20.5373233Z,Buy,20.36,215
2025-07-24T03:38:20.5373233Z,Buy,20.36,455
2025-07-24T03:38:20.5473233Z,Sell,20.35,366
2025-07-24T03:38:20.5473233Z,Sell,20.35,2500
2025-07-24T03:38:20.5473233Z,Sell,20.34,1264
2025-07-24T03:38:20.5573233Z,Buy,20.36,2500
2025-07-24T03:38:20.5573233Z,Buy,20.36,2052
2025-07-24T03:38:20.5573233Z,Buy,20.37,1226
2025-07-24T03:38:20.5773233Z,Sell,20.34,2500
2025-07-24T03:38:20.5773233Z,Sell,20.33,2152
2025-07-24T03:38:20.5773233Z,Sell,20.33,538
2025-07-24T03:38:20.5773233Z,Sell,20.33,913
2025-07-24T03:38:20.6373233Z,Buy,20.35,290
2025-07-24T03:38:20.6373233Z,Buy,20.35,1193
2025-07-24T03:38:20.6473233Z,Buy,20.35,1156
2025-07-24T03:38:20.6473233Z,Buy,20.35,764
2025-07-24T03:38:20.6573233Z,Buy,20.35,585
2025-07-24T03:38:20.6573233Z,Buy,20.36,51
2025-07-24T03:38:20.6673233Z,Sell,20.34,663
2025-07-24T03:38:20.6673233Z,Sell,20.34,78
2025-07-24T03:38:20.7073233Z,Sell,20.34,558
2025-07-24T03:38:20.7073233Z,Sell,20.34,69
2025-07-24T03:38:20.7173233Z,Buy,20.36,232
2025-07-24T03:38:20.7273233Z,Sell,20.34,1750
2025-07-24T03:38:20.7273233Z,Sell,20.34,2500
2025-07-24T03:38:20.7273233Z,Sell,20.33,614
2025-07-24T03:38:20.7273233Z,Sell,20.33,1331
2025-07-24T03:38:20.7273233Z,Sell,20.33,486
2025-07-24T03:38:20.7273233Z,Sell,20.33,390
2025-07-24T03:38:20.7273233Z,Sell,20.33,1268
2025-07-24T03:38:20.7273233Z,Sell,20.33,211
2025-07-24T03:38:20.7473233Z,Buy,20.35,503
2025-07-24T03:38:20.7673233Z,Sell,20.33,1209
2025-07-24T03:38:20.7873233Z,Buy,20.35,1660
2025-07-24T03:38:20.7873233Z,Buy,20.35,783
2025-07-24T03:38:20.7873233Z,Buy,20.35,256
2025-07-24T03:38:20.8173233Z,Buy,20.35,1145
2025-07-24T03:38:20.8173233Z,Buy,20.35,330
2025-07-24T03:38:20.8373233Z,Buy,20.34,1196
2025-07-24T03:38:20.8473233Z,Buy,20.34,375
2025-07-24T03:38:20.8473233Z,Buy,20.35,1918
2025-07-24T03:38:20.8673233Z,Buy,20.35,2500
2025-07-24T03:38:20.8673233Z,Buy,20.35,171
2025-07-24T03:38:20.8773233Z,Sell,20.33,519
2025-07-24T03:38:20.8773233Z,Sell,20.33,83
2025-07-24T03:38:20.8973233Z,Sell,20.33,2500
2025-07-24T03:38:20.8973233Z,Sell,20.32,450
2025-07-24T03:38:20.9073233Z,Sell,20.33,553
2025-07-24T03:38:20.9173233Z,Buy,20.35,1470
2025-07-24T03:38:20.9373233Z,Sell,20.32,2500
2025-07-24T03:38:20.9373233Z,Sell,20.32,571
2025-07-24T03:38:20.9373233Z,Sell,20.32,549
2025-07-24T03:38:20.9573233Z,Buy,20.34,312
2025-07-24T03:38:20.9673233Z,Buy,20.34,2500
2025-07-24T03:38:20.9673233Z,Buy,20.34,2813
2025-07-24T03:38:20.9773233Z,Buy,20.34,810
2025-07-24T03:38:20.9773233Z,Buy,20.34,94
2025-07-24T03:38:21.0073233Z,Buy,20.34,1328
2025-07-24T03:38:21.0373233Z,Sell,20.32,523
2025-07-24T03:38:21.0673233Z,Buy,20.33,784
2025-07-24T03:38:21.0673233Z,Buy,20.34,292
2025-07-24T03:38:21.0873233Z,Sell,20.32,1621
2025-07-24T03:38:21.1073233Z,Buy,20.34,599
2025-07-24T03:38:21.1473233Z,Buy,20.34,664
2025-07-24T03:38:21.1473233Z,Buy,20.34,2500
2025-07-24T03:38:21.1473233Z,Buy,20.35,904
2025-07-24T03:38:21.1473233Z,Buy,20.35,551
2025-07-24T03:38:21.1573233Z,Buy,20.35,296
2025-07-24T03:38:21.1773233Z,Sell,20.33,159
2025-07-24T03:38:21.2173233Z,Buy,20.35,312
2025-07-24T03:38:21.2573233Z,Sell,20.34,427
2025-07-24T03:38:21.2573233Z,Sell,20.34,1172
2025-07-24T03:38:21.2573233Z,Sell,20.34,1001
2025-07-24T03:38:21.2973233Z,Buy,20.35,260
2025-07-24T03:38:21.2973233Z,Buy,20.35,802
2025-07-24T03:38:21.2973233Z,Buy,20.35,700
2025-07-24T03:38:21.2973233Z,Buy,20.36,674
2025-07-24T03:38:21.3173233Z,Sell,20.34,77
2025-07-24T03:38:21.3173233Z,Sell,20.34,2500
2025-07-24T03:38:21.3173233Z,Sell,20.33,861
2025-07-24T03:38:21.3173233Z,Sell,20.33,395
2025-07-24T03:38:21.3173233Z,Sell,20.33,1217
2025-07-24T03:38:21.3173233Z,Sell,20.33,2152
2025-07-24T03:38:21.3173233Z,Sell,20.32,1074
2025-07-24T03:38:21.3173233Z,Sell,20.32,856
2025-07-24T03:38:21.3173233Z,Sell,20.32,129
2025-07-24T03:38:21.3173233Z,Sell,20.32,632
2025-07-24T03:38:21.3173233Z,Sell,20.32,971
2025-07-24T03:38:21.3173233Z,Sell,20.32,1780
2025-07-24T03:38:21.3373233Z,Sell,20.32,2500
2025-07-24T03:38:21.3373233Z,Sell,20.31,774
2025-07-24T03:38:21.3473233Z,Buy,20.34,2500
2025-07-24T03:38:21.3473233Z,Buy,20.34,141
2025-07-24T03:38:21.3773233Z,Buy,20.34,594
2025-07-24T03:38:21.3873233Z,Buy,20.34,848
2025-07-24T03:38:21.3973233Z,Sell,20.32,2500
2025-07-24T03:38:21.3973233Z,Sell,20.31,943
2025-07-24T03:38:21.3973233Z,Sell,20.31,217
2025-07-24T03:38:21.4073233Z,Buy,20.33,1299
2025-07-24T03:38:21.4273233Z,Sell,20.31,849
2025-07-24T03:38:21.4473233Z,Sell,20.31,704
2025-07-24T03:38:21.4673233Z,Buy,20.33,369
2025-07-24T03:38:21.4673233Z,Buy,20.33,471
2025-07-24T03:38:21.4873233Z,Sell,20.32,61
2025-07-24T03:38:21.5073233Z,Buy,20.33,265
2025-07-24T03:38:21.5173233Z,Buy,20.33,522
2025-07-24T03:38:21.5173233Z,Buy,20.34,2500
2025-07-24T03:38:21.5173233Z,Buy,20.34,1076
2025-07-24T03:38:21.5173233Z,Buy,20.34,239
2025-07-24T03:38:21.5173233Z,Buy,20.34,1072
2025-07-24T03:38:21.5173233Z,Buy,20.35,19
2025-07-24T03:38:21.5473233Z,Sell,20.32,805
2025-07-24T03:38:21.5673233Z,Sell,20.32,1046
2025-07-24T03:38:21.5773233Z,Buy,20.34,612
2025-07-24T03:38:21.5873233Z,Buy,20.34,148
2025-07-24T03:38:21.5873233Z,Buy,20.34,569
2025-07-24T03:38:21.6273233Z,Sell,20.32,833
2025-07-24T03:38:21.6373233Z,Buy,20.34,2350
2025-07-24T03:38:21.6373233Z,Buy,20.34,1110
2025-07-24T03:38:21.6473233Z,Sell,20.32,1962
2025-07-24T03:38:21.6673233Z,Buy,20.34,1390
2025-07-24T03:38:21.6673233Z,Buy,20.34,14
2025-07-24T03:38:21.6973233Z,Buy,20.34,80
2025-07-24T03:38:21.7173233Z,Buy,20.34,3312
2025-07-24T03:38:21.7373233Z,Buy,20.34,549
2025-07-24T03:38:21.7373233Z,Buy,20.34,161
2025-07-24T03:38:21.7373233Z,Buy,20.34,614
2025-07-24T03:38:21.7473233Z,Sell,20.32,211
2025-07-24T03:38:21.7573233Z,Buy,20.34,588
2025-07-24T03:38:21.7773233Z,Sell,20.32,713
2025-07-24T03:38:21.7773233Z,Sell,20.32,1388
2025-07-24T03:38:21.7773233Z,Sell,20.32,18
2025-07-24T03:38:21.7973233Z,Buy,20.33,166
2025-07-24T03:38:21.7973233Z,Buy,20.34,142
2025-07-24T03:38:21.8073233Z,Buy,20.34,2255
2025-07-24T03:38:21.8173233Z,Buy,20.34,2500
2025-07-24T03:38:21.8173233Z,Buy,20.34,1186
2025-07-24T03:38:21.8173233Z,Buy,20.35,2152
2025-07-24T03:38:21.8173233Z,Buy,20.35,548
2025-07-24T03:38:21.8173233Z,Buy,20.36,117
2025-07-24T03:38:21.8473233Z,Buy,20.35,99
2025-07-24T03:38:21.8573233Z,Buy,20.35,1097
2025-07-24T03:38:21.8673233Z,Buy,20.35,99
2025-07-24T03:38:21.8673233Z,Buy,20.35,481
2025-07-24T03:38:21.8773233Z,Buy,20.35,751
2025-07-24T03:38:21.8973233Z,Buy,20.35,335
2025-07-24T03:38:21.9273233Z,Sell,20.34,1170
2025-07-24T03:38:21.9273233Z,Sell,20.33,2500
2025-07-24T03:38:21.9273233Z,Sell,20.33,2074
2025-07-24T03:38:21.9773233Z,Buy,20.34,884
2025-07-24T03:38:21.9773233Z,Buy,20.34,144
2025-07-24T03:38:21.9873233Z,Buy,20.34,639
2025-07-24T03:38:22.0273233Z,Buy,20.34,1662
2025-07-24T03:38:22.0673233Z,Buy,20.34,1020
2025-07-24T03:38:22.0673233Z,Buy,20.34,1008
2025-07-24T03:38:22.0673233Z,Buy,20.34,647
2025-07-24T03:38:22.0673233Z,Buy,20.35,2220
2025-07-24T03:38:22.0773233Z,Buy,20.35,691
2025-07-24T03:38:22.1173233Z,Buy,20.35,2500
2025-07-24T03:38:22.1173233Z,Buy,20.35,921
2025-07-24T03:38:22.1173233Z,Buy,20.35,1856
2025-07-24T03:38:22.1573233Z,Buy,20.35,423
2025-07-24T03:38:22.1773233Z,Buy,20.34,310
2025-07-24T03:38:22.1773233Z,Buy,20.35,593
2025-07-24T03:38:22.2173233Z,Sell,20.33,391
2025-07-24T03:38:22.2173233Z,Sell,20.33,2695
2025-07-24T03:38:22.2273233Z,Buy,20.35,1027
2025-07-24T03:38:22.2373233Z,Buy,20.35,670
2025-07-24T03:38:22.2673233Z,Buy,20.35,829
2025-07-24T03:38:22.3073233Z,Buy,20.35,374
2025-07-24T03:38:22.3173233Z,Buy,20.35,2500
2025-07-24T03:38:22.3173233Z,Buy,20.35,1323
2025-07-24T03:38:22.3173233Z,Buy,20.35,2204
2025-07-24T03:38:22.3273233Z,Buy,20.35,831
2025-07-24T03:38:22.3273233Z,Buy,20.35,929
2025-07-24T03:38:22.3273233Z,Buy,20.35,1060
2025-07-24T03:38:22.3373233Z,Buy,20.35,79
2025-07-24T03:38:22.3473233Z,Buy,20.35,1060
2025-07-24T03:38:22.3473233Z,Buy,20.35,1141
2025-07-24T03:38:22.3573233Z,Buy,20.35,79
2025-07-24T03:38:22.3573233Z,Buy,20.35,220
2025-07-24T03:38:22.3573233Z,Buy,20.35,346
2025-07-24T03:38:22.3673233Z,Buy,20.35,1855
2025-07-24T03:38:22.3673233Z,Buy,20.35,645
2025-07-24T03:38:22.3673233Z,Buy,20.36,684
2025-07-24T03:38:22.4173233Z,Buy,20.36,2500
2025-07-24T03:38:22.4173233Z,Buy,20.36,516
2025-07-24T03:38:22.4173233Z,Buy,20.36,382
2025-07-24T03:38:22.4173233Z,Buy,20.36,613
2025-07-24T03:38:22.4473233Z,Buy,20.36,1376
2025-07-24T03:38:22.4573233Z,Buy,20.36,171
2025-07-24T03:38:22.4673233Z,Buy,20.36,1376
2025-07-24T03:38:22.4673233Z,Buy,20.36,953
2025-07-24T03:38:22.4673233Z,Buy,20.36,171
2025-07-24T03:38:22.4673233Z,Buy,20.36,688
2025-07-24T03:38:22.4673233Z,Buy,20.36,179
2025-07-24T03:38:22.4673233Z,Buy,20.37,274
2025-07-24T03:38:22.4873233Z,Buy,20.36,2500
2025-07-24T03:38:22.4873233Z,Buy,20.37,465
2025-07-24T03:38:22.4873233Z,Buy,20.37,1589
2025-07-24T03:38:22.5073233Z,Buy,20.37,1578
2025-07-24T03:38:22.5173233Z,Buy,20.37,922
2025-07-24T03:38:22.5173233Z,Buy,20.37,377
2025-07-24T03:38:22.5273233Z,Buy,20.37,436
2025-07-24T03:38:22.5573233Z,Buy,20.37,80
2025-07-24T03:38:22.5673233Z,Sell,20.35,279
2025-07-24T03:38:22.5773233Z,Buy,20.37,625
2025-07-24T03:38:22.5973233Z,Buy,20.37,755
2025-07-24T03:38:22.6173233Z,Buy,20.37,152
2025-07-24T03:38:22.6373233Z,Buy,20.37,439
2025-07-24T03:38:22.6373233Z,Buy,20.38,568
2025-07-24T03:38:22.6673233Z,Buy,20.38,425
2025-07-24T03:38:22.6673233Z,Buy,20.38,717
2025-07-24T03:38:22.6773233Z,Buy,20.38,263
2025-07-24T03:38:22.6973233Z,Buy,20.38,329
2025-07-24T03:38:22.7073233Z,Sell,20.37,420
2025-07-24T03:38:22.7073233Z,Sell,20.37,638
2025-07-24T03:38:22.7473233Z,Buy,20.38,857
2025-07-24T03:38:22.7473233Z,Buy,20.38,1283
2025-07-24T03:38:22.7573233Z,Buy,20.38,169
2025-07-24T03:38:22.7573233Z,Buy,20.38,24
2025-07-24T03:38:22.8173233Z,Sell,20.37,334
2025-07-24T03:38:22.8373233Z,Sell,20.37,413
2025-07-24T03:38:22.8473233Z,Buy,20.38,1152
2025-07-24T03:38:22.8573233Z,Buy,20.38,222
2025-07-24T03:38:22.8673233Z,Buy,20.38,587
2025-07-24T03:38:22.8873233Z,Sell,20.37,445
2025-07-24T03:38:22.8873233Z,Sell,20.37,847
2025-07-24T03:38:22.8873233Z,Sell,20.37,459
2025-07-24T03:38:22.9073233Z,Buy,20.38,132
2025-07-24T03:38:22.9173233Z,Buy,20.38,453
2025-07-24T03:38:22.9373233Z,Buy,20.38,937
2025-07-24T03:38:22.9473233Z,Sell,20.37,726
2025-07-24T03:38:22.9473233Z,Sell,20.37,12
2025-07-24T03:38:22.9573233Z,Sell,20.37,969
2025-07-24T03:38:22.9573233Z,Sell,20.37,667
2025-07-24T03:38:22.9573233Z,Sell,20.37,2500
2025-07-24T03:38:22.9573233Z,Sell,20.36,1610
2025-07-24T03:38:23.0273233Z,Sell,20.37,654
2025-07-24T03:38:23.0373233Z,Buy,20.38,517
2025-07-24T03:38:23.0473233Z,Sell,20.37,2552
2025-07-24T03:38:23.0473233Z,Sell,20.37,926
2025-07-24T03:38:23.0573233Z,Sell,20.37,1030
2025-07-24T03:38:23.0673233Z,Sell,20.37,1624
2025-07-24T03:38:23.1073233Z,Sell,20.37,1659
2025-07-24T03:38:23.1073233Z,Sell,20.37,502
2025-07-24T03:38:23.1073233Z,Sell,20.37,180
2025-07-24T03:38:23.1173233Z,Sell,20.37,394
2025-07-24T03:38:23.1373233Z,Buy,20.38,636
2025-07-24T03:38:23.1573233Z,Buy,20.38,422
2025-07-24T03:38:23.1573233Z,Buy,20.38,3650
2025-07-24T03:38:23.1573233Z,Buy,20.39,1237
2025-07-24T03:38:23.1673233Z,Buy,20.39,2500
2025-07-24T03:38:23.1673233Z,Buy,20.39,345
2025-07-24T03:38:23.1873233Z,Buy,20.39,2964
2025-07-24T03:38:23.2073233Z,Buy,20.39,69
2025-07-24T03:38:23.2273233Z,Sell,20.37,704
2025-07-24T03:38:23.2673233Z,Sell,20.37,239
2025-07-24T03:38:23.2973233Z,Sell,20.37,240
2025-07-24T03:38:23.3273233Z,Sell,20.37,435
2025-07-24T03:38:23.3373233Z,Buy,20.38,2396
2025-07-24T03:38:23.3373233Z,Buy,20.39,2500
2025-07-24T03:38:23.3373233Z,Buy,20.39,278
2025-07-24T03:38:23.3373233Z,Buy,20.39,707
2025-07-24T03:38:23.3373233Z,Buy,20.39,623
2025-07-24T03:38:23.3373233Z,Buy,20.40,1905
2025-07-24T03:38:23.3673233Z,Buy,20.38,732
2025-07-24T03:38:23.3673233Z,Buy,20.38,1360
2025-07-24T03:38:23.3673233Z,Buy,20.39,1638
2025-07-24T03:38:23.3773233Z,Buy,20.39,1410
2025-07-24T03:38:23.3873233Z,Buy,20.39,2455
2025-07-24T03:38:23.4173233Z,Sell,20.38,932
2025-07-24T03:38:23.4273233Z,Sell,20.38,420
2025-07-24T03:38:23.4273233Z,Sell,20.38,985
2025-07-24T03:38:23.4373233Z,Buy,20.40,2500
2025-07-24T03:38:23.4373233Z,Buy,20.40,577
2025-07-24T03:38:23.4373233Z,Buy,20.40,918
2025-07-24T03:38:23.4473233Z,Buy,20.40,330
2025-07-24T03:38:23.4573233Z,Buy,20.40,310
2025-07-24T03:38:23.4773233Z,Sell,20.38,1078
2025-07-24T03:38:23.4873233Z,Buy,20.40,330
2025-07-24T03:38:23.4873233Z,Buy,20.40,1595
2025-07-24T03:38:23.5073233Z,Sell,20.38,601
2025-07-24T03:38:23.5173233Z,Buy,20.40,113
2025-07-24T03:38:23.5273233Z,Sell,20.38,391
2025-07-24T03:38:23.5473233Z,Sell,20.37,512
2025-07-24T03:38:23.5573233Z,Buy,20.39,114
2025-07-24T03:38:23.5673233Z,Buy,20.39,952
2025-07-24T03:38:23.5873233Z,Buy,20.39,252
2025-07-24T03:38:23.6073233Z,Buy,20.39,815
2025-07-24T03:38:23.6073233Z,Buy,20.39,1230
2025-07-24T03:38:23.6073233Z,Buy,20.40,469
2025-07-24T03:38:23.6573233Z,Buy,20.40,254
2025-07-24T03:38:23.6773233Z,Buy,20.40,684
2025-07-24T03:38:23.6973233Z,Buy,20.40,130
2025-07-24T03:38:23.6973233Z,Buy,20.40,865
2025-07-24T03:38:23.7073233Z,Sell,20.39,251
2025-07-24T03:38:23.7173233Z,Buy,20.40,383
2025-07-24T03:38:23.7373233Z,Buy,20.40,478
2025-07-24T03:38:23.7473233Z,Sell,20.39,2180
2025-07-24T03:38:23.7573233Z,Sell,20.39,469
2025-07-24T03:38:23.7973233Z,Buy,20.40,1249
2025-07-24T03:38:23.8073233Z,Sell,20.39,484
2025-07-24T03:38:23.8073233Z,Sell,20.39,734
2025-07-24T03:38:23.8073233Z,Sell,20.39,464
2025-07-24T03:38:23.8373233Z,Sell,20.38,2500
2025-07-24T03:38:23.8373233Z,Sell,20.38,613
2025-07-24T03:38:23.8373233Z,Sell,20.38,562
2025-07-24T03:38:23.8773233Z,Buy,20.40,1484
2025-07-24T03:38:23.9073233Z,Sell,20.38,326
2025-07-24T03:38:23.9073233Z,Sell,20.38,609
2025-07-24T03:38:23.9073233Z,Sell,20.38,238
2025-07-24T03:38:23.9273233Z,Buy,20.39,6325
2025-07-24T03:38:23.9273233Z,Buy,20.39,1331
2025-07-24T03:38:23.9273233Z,Buy,20.40,930
2025-07-24T03:38:23.9373233Z,Buy,20.40,1106
2025-07-24T03:38:23.9473233Z,Sell,20.38,174
2025-07-24T03:38:23.9573233Z,Buy,20.40,666
2025-07-24T03:38:23.9773233Z,Buy,20.40,616
2025-07-24T03:38:23.9873233Z,Sell,20.38,274
2025-07-24T03:38:24.0073233Z,Buy,20.40,182
2025-07-24T03:38:24.0473233Z,Buy,20.40,196
2025-07-24T03:38:24.1073233Z,Buy,20.39,734
2025-07-24T03:38:24.1073233Z,Buy,20.40,2500
2025-07-24T03:38:24.1073233Z,Buy,20.40,3010
2025-07-24T03:38:24.1073233Z,Buy,20.40,560
2025-07-24T03:38:24.1073233Z,Buy,20.40,2339
2025-07-24T03:38:24.1073233Z,Buy,20.40,67
2025-07-24T03:38:24.1073233Z,Buy,20.40,984
2025-07-24T03:38:24.1173233Z,Sell,20.38,2211
2025-07-24T03:38:24.1473233Z,Sell,20.38,2790
2025-07-24T03:38:24.1673233Z,Buy,20.39,927
2025-07-24T03:38:24.1673233Z,Buy,20.39,101
2025-07-24T03:38:24.1773233Z,Buy,20.39,956
2025-07-24T03:38:24.1773233Z,Buy,20.40,1659
2025-07-24T03:38:24.1873233Z,Buy,20.40,2500
2025-07-24T03:38:24.1873233Z,Buy,20.40,619
2025-07-24T03:38:24.1873233Z,Buy,20.40,4957
2025-07-24T03:38:24.2073233Z,Sell,20.38,772
2025-07-24T03:38:24.2073233Z,Sell,20.38,177
2025-07-24T03:38:24.2073233Z,Sell,20.38,87
2025-07-24T03:38:24.2173233Z,Sell,20.38,1279
2025-07-24T03:38:24.2373233Z,Sell,20.38,147
2025-07-24T03:38:24.2373233Z,Sell,20.38,13
2025-07-24T03:38:24.2473233Z,Sell,20.38,1094
2025-07-24T03:38:24.2673233Z,Buy,20.40,602
2025-07-24T03:38:24.2873233Z,Buy,20.40,619
2025-07-24T03:38:24.2873233Z,Buy,20.40,17
2025-07-24T03:38:24.2973233Z,Buy,20.40,113
2025-07-24T03:38:24.2973233Z,Buy,20.40,176
2025-07-24T03:38:24.3173233Z,Sell,20.38,660
2025-07-24T03:38:24.3273233Z,Sell,20.38,256
2025-07-24T03:38:24.3273233Z,Sell,20.38,127
2025-07-24T03:38:24.3273233Z,Sell,20.38,4
2025-07-24T03:38:24.3373233Z,Sell,20.38,619
2025-07-24T03:38:24.3373233Z,Sell,20.38,660
2025-07-24T03:38:24.3373233Z,Sell,20.38,724
2025-07-24T03:38:24.3573233Z,Sell,20.38,131
2025-07-24T03:38:24.3573233Z,Sell,20.38,366
2025-07-24T03:38:24.3573233Z,Sell,20.38,2003
2025-07-24T03:38:24.3573233Z,Sell,20.38,153
2025-07-24T03:38:24.3873233Z,Sell,20.38,215
2025-07-24T03:38:24.4073233Z,Sell,20.38,773
2025-07-24T03:38:24.4373233Z,Sell,20.38,598
2025-07-24T03:38:24.4473233Z,Sell,20.38,296
2025-07-24T03:38:24.4573233Z,Sell,20.38,935
2025-07-24T03:38:24.4673233Z,Sell,20.38,25
2025-07-24T03:38:24.4673233Z,Sell,20.38,682
2025-07-24T03:38:24.5173233Z,Sell,20.37,565
2025-07-24T03:38:24.5273233Z,Buy,20.39,149
2025-07-24T03:38:24.5373233Z,Sell,20.37,658
2025-07-24T03:38:24.5573233Z,Sell,20.38,652
2025-07-24T03:38:24.5673233Z,Buy,20.39,1133
2025-07-24T03:38:24.5673233Z,Buy,20.39,109
2025-07-24T03:38:24.5673233Z,Buy,20.39,612
2025-07-24T03:38:24.5873233Z,Sell,20.38,978
2025-07-24T03:38:24.5873233Z,Sell,20.38,727
2025-07-24T03:38:24.5873233Z,Sell,20.38,285
2025-07-24T03:38:24.6073233Z,Sell,20.37,2069
2025-07-24T03:38:24.6173233Z,Buy,20.39,3972
2025-07-24T03:38:24.6173233Z,Buy,20.39,1357
2025-07-24T03:38:24.6673233Z,Buy,20.39,1096
2025-07-24T03:38:24.6673233Z,Buy,20.39,135
2025-07-24T03:38:24.6673233Z,Buy,20.39,112
2025-07-24T03:38:24.7073233Z,Sell,20.37,1026
2025-07-24T03:38:24.7173233Z,Buy,20.39,1323
2025-07-24T03:38:24.7373233Z,Buy,20.39,308
2025-07-24T03:38:24.7373233Z,Buy,20.39,2500
2025-07-24T03:38:24.7373233Z,Buy,20.40,568
2025-07-24T03:38:24.7373233Z,Buy,20.40,640
2025-07-24T03:38:24.7773233Z,Sell,20.38,2500
2025-07-24T03:38:24.7773233Z,Sell,20.37,1285
2025-07-24T03:38:24.7773233Z,Sell,20.37,608
2025-07-24T03:38:24.7773233Z,Sell,20.37,412
2025-07-24T03:38:24.7773233Z,Sell,20.37,30
2025-07-24T03:38:24.7773233Z,Sell,20.37,1908
2025-07-24T03:38:24.7773233Z,Sell,20.37,3795
2025-07-24T03:38:24.7773233Z,Sell,20.37,3609
2025-07-24T03:38:24.7973233Z,Sell,20.37,288
2025-07-24T03:38:24.7973233Z,Sell,20.37,515
2025-07-24T03:38:24.8073233Z,Buy,20.38,575
2025-07-24T03:38:24.8073233Z,Buy,20.39,2500
2025-07-24T03:38:24.8073233Z,Buy,20.40,2152
2025-07-24T03:38:24.8073233Z,Buy,20.40,1062
2025-07-24T03:38:24.8073233Z,Buy,20.40,581
2025-07-24T03:38:24.8173233Z,Buy,20.40,277
2025-07-24T03:38:24.8273233Z,Sell,20.38,294
2025-07-24T03:38:24.9173233Z,Sell,20.39,826
2025-07-24T03:38:24.9273233Z,Buy,20.40,1226
2025-07-24T03:38:24.9273233Z,Buy,20.40,724
2025-07-24T03:38:24.9273233Z,Buy,20.40,512
2025-07-24T03:38:24.9673233Z,Buy,20.40,1325
2025-07-24T03:38:24.9673233Z,Buy,20.40,288
2025-07-24T03:38:24.9673233Z,Buy,20.40,320
2025-07-24T03:38:24.9673233Z,Buy,20.41,2500
2025-07-24T03:38:24.9673233Z,Buy,20.41,1779
2025-07-24T03:38:24.9673233Z,Buy,20.41,1092
2025-07-24T03:38:24.9873233Z,Sell,20.40,408
2025-07-24T03:38:25.0073233Z,Buy,20.41,1690
2025-07-24T03:38:25.0173233Z,Buy,20.41,241
2025-07-24T03:38:25.0273233Z,Sell,20.40,79
2025-07-24T03:38:25.0273233Z,Sell,20.40,2500
2025-07-24T03:38:25.0273233Z,Sell,20.39,1559
2025-07-24T03:38:25.0273233Z,Sell,20.39,533
2025-07-24T03:38:25.0373233Z,Sell,20.39,1622
2025-07-24T03:38:25.0373233Z,Sell,20.39,358
2025-07-24T03:38:25.0573233Z,Buy,20.41,1037
2025-07-24T03:38:25.0573233Z,Buy,20.41,879
2025-07-24T03:38:25.0573233Z,Buy,20.41,368
2025-07-24T03:38:25.0573233Z,Buy,20.41,2500
2025-07-24T03:38:25.0573233Z,Buy,20.42,865
2025-07-24T03:38:25.0573233Z,Buy,20.42,408
2025-07-24T03:38:25.0573233Z,Buy,20.42,2152
2025-07-24T03:38:25.0573233Z,Buy,20.43,8928
2025-07-24T03:38:25.0573233Z,Buy,20.43,1852
2025-07-24T03:38:25.0573233Z,Buy,20.44,1594
2025-07-24T03:38:25.0573233Z,Buy,20.45,1372
2025-07-24T03:38:25.0573233Z,Buy,20.46,1181
2025-07-24T03:38:25.0573233Z,Buy,20.47,1016
2025-07-24T03:38:25.0573233Z,Buy,20.48,875
2025-07-24T03:38:25.0573233Z,Buy,20.49,146
2025-07-24T03:38:25.0673233Z,Buy,20.45,832
2025-07-24T03:38:25.1373233Z,Buy,20.46,1758
2025-07-24T03:38:25.1573233Z,Buy,20.47,183
2025-07-24T03:38:25.1673233Z,Buy,20.47,706
2025-07-24T03:38:25.1673233Z,Buy,20.48,418
2025-07-24T03:38:25.1773233Z,Buy,20.48,766
2025-07-24T03:38:25.1873233Z,Buy,20.48,570
2025-07-24T03:38:25.2173233Z,Buy,20.48,573
2025-07-24T03:38:25.2673233Z,Sell,20.47,1006
2025-07-24T03:38:25.2773233Z,Buy,20.48,754
2025-07-24T03:38:25.2773233Z,Buy,20.49,101
2025-07-24T03:38:25.2873233Z,Sell,20.47,423
2025-07-24T03:38:25.2973233Z,Sell,20.47,145
2025-07-24T03:38:25.3073233Z,Buy,20.49,2500
2025-07-24T03:38:25.3073233Z,Buy,20.50,2152
2025-07-24T03:38:25.3073233Z,Buy,20.51,1852
2025-07-24T03:38:25.3073233Z,Buy,20.52,1594
2025-07-24T03:38:25.3073233Z,Buy,20.53,1372
2025-07-24T03:38:25.3073233Z,Buy,20.54,1181
2025-07-24T03:38:25.3073233Z,Buy,20.55,1016
2025-07-24T03:38:25.3073233Z,Buy,20.56,875
2025-07-24T03:38:25.3073233Z,Buy,20.57,753
2025-07-24T03:38:25.3073233Z,Buy,20.58,544
2025-07-24T03:38:25.3173233Z,Buy,20.53,2500
2025-07-24T03:38:25.3173233Z,Buy,20.54,148
2025-07-24T03:38:25.3373233Z,Buy,20.54,639
2025-07-24T03:38:25.3573233Z,Buy,20.54,2500
2025-07-24T03:38:25.3573233Z,Buy,20.55,811
2025-07-24T03:38:25.3673233Z,Buy,20.54,1855
2025-07-24T03:38:25.3873233Z,Sell,20.53,1654
2025-07-24T03:38:25.4073233Z,Buy,20.55,2500
2025-07-24T03:38:25.4073233Z,Buy,20.56,2048
2025-07-24T03:38:25.4173233Z,Buy,20.55,1197
2025-07-24T03:38:25.4273233Z,Sell,20.53,1241
2025-07-24T03:38:25.4373233Z,Sell,20.53,1259
2025-07-24T03:38:25.4373233Z,Sell,20.53,831
2025-07-24T03:38:25.4573233Z,Sell,20.53,410
2025-07-24T03:38:25.4573233Z,Sell,20.53,86
2025-07-24T03:38:25.4973233Z,Buy,20.56,1301
2025-07-24T03:38:25.5173233Z,Sell,20.54,700
2025-07-24T03:38:25.5173233Z,Sell,20.54,748
2025-07-24T03:38:25.5473233Z,Buy,20.55,1477
2025-07-24T03:38:25.5473233Z,Buy,20.56,1948
2025-07-24T03:38:25.5873233Z,Buy,20.56,436
2025-07-24T03:38:25.5873233Z,Buy,20.57,415
2025-07-24T03:38:25.5973233Z,Buy,20.57,505
2025-07-24T03:38:25.6173233Z,Buy,20.57,2500
2025-07-24T03:38:25.6173233Z,Buy,20.58,1978
2025-07-24T03:38:25.6273233Z,Buy,20.57,258
2025-07-24T03:38:25.6773233Z,Buy,20.58,314
2025-07-24T03:38:25.6873233Z,Buy,20.58,447
2025-07-24T03:38:25.6973233Z,Buy,20.58,2251
2025-07-24T03:38:25.7373233Z,Buy,20.58,739
2025-07-24T03:38:25.7373233Z,Buy,20.58,61
2025-07-24T03:38:25.7473233Z,Buy,20.58,2500
2025-07-24T03:38:25.7473233Z,Buy,20.58,43
2025-07-24T03:38:25.7573233Z,Buy,20.58,8911
2025-07-24T03:38:25.7773233Z,Buy,20.58,3649
2025-07-24T03:38:25.8573233Z,Sell,20.56,343
2025-07-24T03:38:25.8573233Z,Sell,20.56,342
2025-07-24T03:38:25.9373233Z,Buy,20.57,543
2025-07-24T03:38:25.9373233Z,Buy,20.58,1027
2025-07-24T03:38:25.9573233Z,Sell,20.56,1573
2025-07-24T03:38:25.9673233Z,Buy,20.58,451
2025-07-24T03:38:26.0073233Z,Buy,20.57,226
2025-07-24T03:38:26.0073233Z,Buy,20.58,1124
2025-07-24T03:38:26.0373233Z,Buy,20.58,463
2025-07-24T03:38:26.0473233Z,Sell,20.57,812
2025-07-24T03:38:26.0473233Z,Sell,20.57,334
2025-07-24T03:38:26.0673233Z,Sell,20.56,1693
2025-07-24T03:38:26.0873233Z,Buy,20.58,582
2025-07-24T03:38:26.0973233Z,Sell,20.56,2500
2025-07-24T03:38:26.0973233Z,Sell,20.56,1411
2025-07-24T03:38:26.0973233Z,Sell,20.56,1799
2025-07-24T03:38:26.1073233Z,Sell,20.56,2230
2025-07-24T03:38:26.1473233Z,Buy,20.58,1166
2025-07-24T03:38:26.1873233Z,Buy,20.58,263
2025-07-24T03:38:26.1873233Z,Buy,20.58,232
2025-07-24T03:38:26.1973233Z,Buy,20.58,746
2025-07-24T03:38:26.2073233Z,Buy,20.58,2878
2025-07-24T03:38:26.2073233Z,Buy,20.58,1527
2025-07-24T03:38:26.2073233Z,Buy,20.58,3192
2025-07-24T03:38:26.2073233Z,Buy,20.58,369
2025-07-24T03:38:26.2473233Z,Buy,20.58,1231
2025-07-24T03:38:26.2973233Z,Buy,20.58,456
2025-07-24T03:38:26.2973233Z,Buy,20.58,334
2025-07-24T03:38:26.3373233Z,Buy,20.58,333
2025-07-24T03:38:26.3373233Z,Buy,20.59,609
2025-07-24T03:38:26.3473233Z,Buy,20.59,398
2025-07-24T03:38:26.3873233Z,Sell,20.58,254
2025-07-24T03:38:26.3873233Z,Sell,20.57,2049
2025-07-24T03:38:26.3973233Z,Buy,20.59,1746
2025-07-24T03:38:26.4073233Z,Buy,20.59,692
2025-07-24T03:38:26.4173233Z,Buy,20.59,151
2025-07-24T03:38:26.4273233Z,Buy,20.59,62
2025-07-24T03:38:26.4273233Z,Buy,20.59,692
2025-07-24T03:38:26.4273233Z,Buy,20.59,896
2025-07-24T03:38:26.4773233Z,Sell,20.57,1706
2025-07-24T03:38:26.4873233Z,Buy,20.59,571
2025-07-24T03:38:26.5373233Z,Sell,20.57,1281
2025-07-24T03:38:26.5573233Z,Buy,20.59,176
2025-07-24T03:38:26.6073233Z,Buy,20.58,573
2025-07-24T03:38:26.6073233Z,Buy,20.59,2500
2025-07-24T03:38:26.6073233Z,Buy,20.59,3214
2025-07-24T03:38:26.6173233Z,Buy,20.59,279
2025-07-24T03:38:26.6173233Z,Buy,20.59,1659
2025-07-24T03:38:26.6373233Z,Buy,20.59,363
2025-07-24T03:38:26.6373233Z,Buy,20.59,32
2025-07-24T03:38:26.6373233Z,Buy,20.59,914
2025-07-24T03:38:26.6473233Z,Buy,20.59,3572
2025-07-24T03:38:26.6473233Z,Buy,20.59,1190
2025-07-24T03:38:26.6673233Z,Buy,20.59,702
2025-07-24T03:38:26.6973233Z,Buy,20.60,261
2025-07-24T03:38:26.7373233Z,Buy,20.60,2113
2025-07-24T03:38:26.8173233Z,Sell,20.59,809
2025-07-24T03:38:26.8173233Z,Sell,20.59,1079
2025-07-24T03:38:26.8173233Z,Sell,20.59,733
2025-07-24T03:38:26.8273233Z,Sell,20.58,2285
2025-07-24T03:38:26.8773233Z,Sell,20.59,422
2025-07-24T03:38:26.8873233Z,Sell,20.59,1352
2025-07-24T03:38:26.8873233Z,Sell,20.59,611
2025-07-24T03:38:26.8973233Z,Sell,20.59,182
2025-07-24T03:38:26.8973233Z,Sell,20.59,357
2025-07-24T03:38:26.9073233Z,Buy,20.60,354
2025-07-24T03:38:26.9373233Z,Buy,20.60,188
2025-07-24T03:38:26.9473233Z,Sell,20.58,763
2025-07-24T03:38:26.9573233Z,Buy,20.60,148
2025-07-24T03:38:26.9673233Z,Sell,20.58,2500
2025-07-24T03:38:26.9673233Z,Sell,20.58,185
2025-07-24T03:38:26.9773233Z,Sell,20.58,640
2025-07-24T03:38:26.9773233Z,Sell,20.58,2609
2025-07-24T03:38:26.9873233Z,Buy,20.60,437
2025-07-24T03:38:27.0273233Z,Sell,20.58,297
2025-07-24T03:38:27.0273233Z,Sell,20.58,428
2025-07-24T03:38:27.1073233Z,Buy,20.60,371
2025-07-24T03:38:27.1173233Z,Buy,20.60,791
2025-07-24T03:38:27.1173233Z,Buy,20.60,230
2025-07-24T03:38:27.1373233Z,Sell,20.59,209
2025-07-24T03:38:27.1373233Z,Sell,20.59,367
2025-07-24T03:38:27.1473233Z,Sell,20.58,2087
2025-07-24T03:38:27.1673233Z,Buy,20.59,843
2025-07-24T03:38:27.1873233Z,Buy,20.59,832
2025-07-24T03:38:27.1973233Z,Buy,20.59,408
2025-07-24T03:38:27.1973233Z,Buy,20.60,2500
2025-07-24T03:38:27.1973233Z,Buy,20.60,756
2025-07-24T03:38:27.1973233Z,Buy,20.60,540
2025-07-24T03:38:27.1973233Z,Buy,20.60,367
2025-07-24T03:38:27.2173233Z,Sell,20.58,748
2025-07-24T03:38:27.2273233Z,Buy,20.60,910
2025-07-24T03:38:27.2273233Z,Buy,20.60,222
2025-07-24T03:38:27.2373233Z,Sell,20.58,2617
2025-07-24T03:38:27.2473233Z,Buy,20.60,1859
2025-07-24T03:38:27.3273233Z,Sell,20.59,80
2025-07-24T03:38:27.3273233Z,Sell,20.59,2500
2025-07-24T03:38:27.3273233Z,Sell,20.58,65
2025-07-24T03:38:27.3373233Z,Sell,20.58,396
2025-07-24T03:38:27.3573233Z,Buy,20.60,345
2025-07-24T03:38:27.3773233Z,Sell,20.58,535
2025-07-24T03:38:27.3873233Z,Sell,20.58,3457
2025-07-24T03:38:27.3973233Z,Buy,20.60,21
2025-07-24T03:38:27.3973233Z,Buy,20.60,2707
2025-07-24T03:38:27.4373233Z,Buy,20.60,205
2025-07-24T03:38:27.4473233Z,Sell,20.59,300
2025-07-24T03:38:27.4673233Z,Sell,20.59,996
2025-07-24T03:38:27.4773233Z,Buy,20.60,676
2025-07-24T03:38:27.4773233Z,Buy,20.60,880
2025-07-24T03:38:27.4873233Z,Sell,20.59,270
2025-07-24T03:38:27.5073233Z,Buy,20.60,5317
2025-07-24T03:38:27.5173233Z,Sell,20.59,4786
2025-07-24T03:38:27.5173233Z,Sell,20.59,775
2025-07-24T03:38:27.5373233Z,Buy,20.60,198
2025-07-24T03:38:27.5373233Z,Buy,20.60,734
2025-07-24T03:38:27.5473233Z,Sell,20.58,1730
2025-07-24T03:38:27.5673233Z,Buy,20.60,1025
2025-07-24T03:38:27.5673233Z,Buy,20.60,294
2025-07-24T03:38:27.5973233Z,Buy,20.59,1968
2025-07-24T03:38:27.5973233Z,Buy,20.60,338
2025-07-24T03:38:27.6473233Z,Buy,20.60,250
2025-07-24T03:38:27.6473233Z,Buy,20.60,989
2025-07-24T03:38:27.6673233Z,Buy,20.60,594
2025-07-24T03:38:27.6773233Z,Sell,20.59,2503
2025-07-24T03:38:27.6773233Z,Sell,20.59,809
2025-07-24T03:38:27.7073233Z,Sell,20.58,1462
2025-07-24T03:38:27.7173233Z,Buy,20.60,1417
2025-07-24T03:38:27.7373233Z,Sell,20.59,377
2025-07-24T03:38:27.7373233Z,Sell,20.58,500
2025-07-24T03:38:27.7673233Z,Buy,20.60,100
2025-07-24T03:38:27.7673233Z,Buy,20.60,4021
2025-07-24T03:38:27.7673233Z,Buy,20.60,543
2025-07-24T03:38:27.7773233Z,Sell,20.59,318
2025-07-24T03:38:27.7873233Z,Buy,20.60,221
2025-07-24T03:38:27.7873233Z,Buy,20.60,7
2025-07-24T03:38:27.7973233Z,Sell,20.59,515
2025-07-24T03:38:27.8173233Z,Sell,20.59,640
2025-07-24T03:38:27.8273233Z,Buy,20.60,1656
2025-07-24T03:38:27.8273233Z,Buy,20.60,126
2025-07-24T03:38:27.8273233Z,Buy,20.60,60
2025-07-24T03:38:27.8473233Z,Sell,20.59,95
2025-07-24T03:38:27.8573233Z,Buy,20.60,3515
2025-07-24T03:38:27.8673233Z,Buy,20.60,700
2025-07-24T03:38:27.8673233Z,Buy,20.61,78
2025-07-24T03:38:27.8973233Z,Sell,20.59,322
2025-07-24T03:38:27.9173233Z,Buy,20.61,596
2025-07-24T03:38:27.9273233Z,Sell,20.59,2981
2025-07-24T03:38:27.9373233Z,Buy,20.61,1305
2025-07-24T03:38:27.9573233Z,Sell,20.59,763
2025-07-24T03:38:28.0073233Z,Buy,20.61,1100
2025-07-24T03:38:28.0073233Z,Buy,20.61,237
2025-07-24T03:38:28.0173233Z,Buy,20.61,1074
2025-07-24T03:38:28.0273233Z,Buy,20.61,993
2025-07-24T03:38:28.0373233Z,Buy,20.61,1536
2025-07-24T03:38:28.0373233Z,Buy,20.61,1525
2025-07-24T03:38:28.0473233Z,Buy,20.61,1116
2025-07-24T03:38:28.0673233Z,Buy,20.61,247
2025-07-24T03:38:28.0673233Z,Buy,20.61,3220
2025-07-24T03:38:28.0773233Z,Sell,20.59,903
2025-07-24T03:38:28.1073233Z,Buy,20.61,541
2025-07-24T03:38:28.1273233Z,Sell,20.59,2500
2025-07-24T03:38:28.1273233Z,Sell,20.59,820
2025-07-24T03:38:28.1273233Z,Buy,20.61,1
2025-07-24T03:38:28.1373233Z,Buy,20.61,1
2025-07-24T03:38:28.1473233Z,Buy,20.61,1
2025-07-24T03:38:28.1573233Z,Buy,20.61,1479
2025-07-24T03:38:28.1573233Z,Buy,20.61,1
2025-07-24T03:38:28.1673233Z,Sell,20.59,3089
2025-07-24T03:38:28.1673233Z,Buy,20.61,1
2025-07-24T03:38:28.1773233Z,Buy,20.61,1
2025-07-24T03:38:28.1873233Z,Buy,20.61,76
2025-07-24T03:38:28.1873233Z,Buy,20.61,722
2025-07-24T03:38:28.1873233Z,Buy,20.61,1
2025-07-24T03:38:28.1973233Z,Buy,20.61,1020
2025-07-24T03:38:28.1973233Z,Buy,20.61,1
2025-07-24T03:38:28.1973233Z,Buy,20.61,757
2025-07-24T03:38:28.1973233Z,Buy,20.61,31
2025-07-24T03:38:28.1973233Z,Buy,20.61,1
2025-07-24T03:38:28.2073233Z,Buy,20.61,2188
2025-07-24T03:38:28.2073233Z,Buy,20.61,1
2025-07-24T03:38:28.2173233Z,Sell,20.59,2566
2025-07-24T03:38:28.2173233Z,Sell,20.59,438
2025-07-24T03:38:28.2173233Z,Buy,20.61,1
2025-07-24T03:38:28.2273233Z,Buy,20.61,603
2025-07-24T03:38:28.2273233Z,Buy,20.61,1
2025-07-24T03:38:28.2373233Z,Buy,20.61,1
2025-07-24T03:38:28.2373233Z,Buy,20.61,1778
2025-07-24T03:38:28.2373233Z,Buy,20.61,1
2025-07-24T03:38:28.2373233Z,Buy,20.61,597
2025-07-24T03:38:28.2373233Z,Buy,20.61,1
2025-07-24T03:38:28.2473233Z,Buy,20.61,1
2025-07-24T03:38:28.2573233Z,Buy,20.61,4043
2025-07-24T03:38:28.2573233Z,Buy,20.61,1
2025-07-24T03:38:28.2673233Z,Buy,20.61,1781
2025-07-24T03:38:28.2673233Z,Buy,20.61,1
2025-07-24T03:38:28.2673233Z,Buy,20.61,960
2025-07-24T03:38:28.2673233Z,Buy,20.61,1
2025-07-24T03:38:28.2773233Z,Buy,20.61,1
2025-07-24T03:38:28.2873233Z,Buy,20.61,1
2025-07-24T03:38:28.2973233Z,Buy,20.61,1
2025-07-24T03:38:28.3073233Z,Buy,20.61,1
2025-07-24T03:38:28.3173233Z,Buy,20.61,1
2025-07-24T03:38:28.3273233Z,Buy,20.61,384
2025-07-24T03:38:28.3273233Z,Buy,20.61,319
2025-07-24T03:38:28.3273233Z,Buy,20.61,1
2025-07-24T03:38:28.3373233Z,Buy,20.61,1
2025-07-24T03:38:28.3473233Z,Buy,20.61,1
2025-07-24T03:38:28.3573233Z,Sell,20.60,78
2025-07-24T03:38:28.3573233Z,Buy,20.61,1
2025-07-24T03:38:28.3673233Z,Buy,20.61,1
2025-07-24T03:38:28.3773233Z,Buy,20.61,1
2025-07-24T03:38:28.3873233Z,Buy,20.61,681
2025-07-24T03:38:28.3873233Z,Buy,20.61,1
2025-07-24T03:38:28.3973233Z,Buy,20.61,1
2025-07-24T03:38:28.4073233Z,Buy,20.61,1028
2025-07-24T03:38:28.4073233Z,Buy,20.61,1
2025-07-24T03:38:28.4173233Z,Buy,20.61,831
2025-07-24T03:38:28.4173233Z,Buy,20.61,1
2025-07-24T03:38:28.4273233Z,Buy,20.61,4375
2025-07-24T03:38:28.4273233Z,Buy,20.61,1
2025-07-24T03:38:28.4373233Z,Buy,20.61,1
2025-07-24T03:38:28.4473233Z,Buy,20.61,1
2025-07-24T03:38:28.4573233Z,Buy,20.61,1
2025-07-24T03:38:28.4673233Z,Buy,20.61,1192
2025-07-24T03:38:28.4673233Z,Buy,20.61,1
2025-07-24T03:38:28.4773233Z,Buy,20.61,155
2025-07-24T03:38:28.4773233Z,Buy,20.61,1
2025-07-24T03:38:28.4873233Z,Buy,20.61,1
2025-07-24T03:38:28.4973233Z,Sell,20.60,1260
2025-07-24T03:38:28.4973233Z,Buy,20.61,1
2025-07-24T03:38:28.5073233Z,Buy,20.61,1
2025-07-24T03:38:28.5173233Z,Buy,20.61,809
2025-07-24T03:38:28.5173233Z,Buy,20.61,1
2025-07-24T03:38:28.5273233Z,Buy,20.61,236
2025-07-24T03:38:28.5273233Z,Buy,20.61,1
2025-07-24T03:38:28.5373233Z,Buy,20.61,1361
2025-07-24T03:38:28.5373233Z,Buy,20.61,1
2025-07-24T03:38:28.5473233Z,Buy,20.61,1
2025-07-24T03:38:28.5573233Z,Buy,20.61,1
2025-07-24T03:38:28.5673233Z,Buy,20.61,331
2025-07-24T03:38:28.5673233Z,Buy,20.61,1
2025-07-24T03:38:28.5773233Z,Buy,20.61,1363
2025-07-24T03:38:28.5773233Z,Buy,20.61,1
2025-07-24T03:38:28.5873233Z,Buy,20.61,1016
2025-07-24T03:38:28.5873233Z,Buy,20.61,1
2025-07-24T03:38:28.5973233Z,Buy,20.61,1
2025-07-24T03:38:28.6073233Z,Buy,20.61,1
2025-07-24T03:38:28.6173233Z,Buy,20.61,236
2025-07-24T03:38:28.6173233Z,Buy,20.61,1
2025-07-24T03:38:28.6273233Z,Buy,20.61,374
2025-07-24T03:38:28.6273233Z,Buy,20.61,1
2025-07-24T03:38:28.6373233Z,Buy,20.61,1
2025-07-24T03:38:28.6473233Z,Buy,20.61,1
2025-07-24T03:38:28.6573233Z,Buy,20.61,1764
2025-07-24T03:38:28.6573233Z,Buy,20.61,249
2025-07-24T03:38:28.6573233Z,Buy,20.61,1
2025-07-24T03:38:28.6673233Z,Buy,20.61,1087
2025-07-24T03:38:28.6673233Z,Buy,20.61,1
2025-07-24T03:38:28.6773233Z,Buy,20.61,736
2025-07-24T03:38:28.6773233Z,Buy,20.61,1
2025-07-24T03:38:28.6873233Z,Buy,20.61,74
2025-07-24T03:38:28.6873233Z,Buy,20.62,163
2025-07-24T03:38:28.6873233Z,Buy,20.62,1
2025-07-24T03:38:28.6973233Z,Buy,20.62,132
2025-07-24T03:38:28.6973233Z,Buy,20.62,1
2025-07-24T03:38:28.7073233Z,Buy,20.62,1
2025-07-24T03:38:28.7173233Z,Buy,20.62,1
2025-07-24T03:38:28.7273233Z,Buy,20.62,1
2025-07-24T03:38:28.7373233Z,Buy,20.62,1
2025-07-24T03:38:28.7473233Z,Buy,20.62,1
2025-07-24T03:38:28.7573233Z,Sell,20.61,168
2025-07-24T03:38:28.7573233Z,Buy,20.62,1
2025-07-24T03:38:28.7673233Z,Sell,20.61,900
2025-07-24T03:38:28.7673233Z,Sell,20.61,2345
2025-07-24T03:38:28.7673233Z,Buy,20.62,1
2025-07-24T03:38:28.7773233Z,Buy,20.62,1048
2025-07-24T03:38:28.7773233Z,Buy,20.62,1
2025-07-24T03:38:28.7873233Z,Buy,20.62,1
2025-07-24T03:38:28.7973233Z,Sell,20.61,148
2025-07-24T03:38:28.7973233Z,Sell,20.61,736
2025-07-24T03:38:28.7973233Z,Buy,20.62,1
2025-07-24T03:38:28.8073233Z,Buy,20.62,204
2025-07-24T03:38:28.8073233Z,Buy,20.62,235
2025-07-24T03:38:28.8073233Z,Buy,20.62,1
2025-07-24T03:38:28.8173233Z,Buy,20.62,421
2025-07-24T03:38:28.8173233Z,Buy,20.62,1
2025-07-24T03:38:28.8273233Z,Sell,20.60,1396
2025-07-24T03:38:28.8273233Z,Buy,20.62,1
2025-07-24T03:38:28.8373233Z,Sell,20.60,1500
2025-07-24T03:38:28.8373233Z,Buy,20.62,1
2025-07-24T03:38:28.8473233Z,Buy,20.62,938
2025-07-24T03:38:28.8473233Z,Buy,20.62,432
2025-07-24T03:38:28.8473233Z,Buy,20.62,3194
2025-07-24T03:38:28.8473233Z,Buy,20.62,1
2025-07-24T03:38:28.8573233Z,Buy,20.62,1186
2025-07-24T03:38:28.8573233Z,Buy,20.62,1
2025-07-24T03:38:28.8673233Z,Buy,20.62,118
2025-07-24T03:38:28.8673233Z,Buy,20.62,1533
2025-07-24T03:38:28.8673233Z,Buy,20.62,1
2025-07-24T03:38:28.8773233Z,Buy,20.62,1
2025-07-24T03:38:28.8873233Z,Buy,20.63,1
2025-07-24T03:38:28.8973233Z,Buy,20.63,1693
2025-07-24T03:38:28.8973233Z,Buy,20.63,1
2025-07-24T03:38:28.9073233Z,Buy,20.63,77
2025-07-24T03:38:28.9073233Z,Buy,20.63,1
2025-07-24T03:38:28.9173233Z,Buy,20.63,1
2025-07-24T03:38:28.9273233Z,Buy,20.63,1714
2025-07-24T03:38:28.9273233Z,Buy,20.63,1
2025-07-24T03:38:28.9373233Z,Buy,20.63,353
2025-07-24T03:38:28.9373233Z,Buy,20.63,1
2025-07-24T03:38:28.9473233Z,Buy,20.63,1
2025-07-24T03:38:28.9573233Z,Sell,20.61,2558
2025-07-24T03:38:28.9573233Z,Buy,20.63,1
2025-07-24T03:38:28.9673233Z,Buy,20.63,1
2025-07-24T03:38:28.9773233Z,Buy,20.63,1473
2025-07-24T03:38:28.9773233Z,Buy,20.63,1
2025-07-24T03:38:28.9873233Z,Buy,20.63,1
2025-07-24T03:38:28.9973233Z,Buy,20.63,1
2025-07-24T03:38:29.0073233Z,Sell,20.61,1367
2025-07-24T03:38:29.0073233Z,Sell,20.61,468
2025-07-24T03:38:29.0073233Z,Sell,20.61,95
2025-07-24T03:38:29.0073233Z,Sell,20.61,1109
2025-07-24T03:38:29.0073233Z,Buy,20.63,1
2025-07-24T03:38:29.0173233Z,Buy,20.63,1
2025-07-24T03:38:29.0273233Z,Buy,20.63,1
2025-07-24T03:38:29.0373233Z,Buy,20.63,2091
2025-07-24T03:38:29.0373233Z,Buy,20.63,1
2025-07-24T03:38:29.0473233Z,Buy,20.63,1
2025-07-24T03:38:29.0573233Z,Buy,20.63,1
2025-07-24T03:38:29.0673233Z,Buy,20.63,1
2025-07-24T03:38:29.0773233Z,Buy,20.63,2500
2025-07-24T03:38:29.0773233Z,Buy,20.63,1639
2025-07-24T03:38:29.0773233Z,Buy,20.63,1025
2025-07-24T03:38:29.0773233Z,Buy,20.63,1
2025-07-24T03:38:29.0873233Z,Buy,20.63,1
2025-07-24T03:38:29.0973233Z,Buy,20.63,1
2025-07-24T03:38:29.1073233Z,Sell,20.62,1731
2025-07-24T03:38:29.1073233Z,Sell,20.62,2238
2025-07-24T03:38:29.1073233Z,Buy,20.63,1
2025-07-24T03:38:29.1173233Z,Buy,20.63,1
2025-07-24T03:38:29.1273233Z,Buy,20.63,567
2025-07-24T03:38:29.1273233Z,Buy,20.63,331
2025-07-24T03:38:29.1273233Z,Buy,20.63,1
2025-07-24T03:38:29.1373233Z,Buy,20.63,1
2025-07-24T03:38:29.1473233Z,Buy,20.63,1154
2025-07-24T03:38:29.1473233Z,Buy,20.63,1
2025-07-24T03:38:29.1573233Z,Buy,20.63,611
2025-07-24T03:38:29.1573233Z,Buy,20.63,576
2025-07-24T03:38:29.1573233Z,Buy,20.63,1
2025-07-24T03:38:29.1673233Z,Buy,20.62,1
2025-07-24T03:38:29.1773233Z,Buy,20.62,1
2025-07-24T03:38:29.1873233Z,Buy,20.62,1
2025-07-24T03:38:29.1973233Z,Buy,20.62,403
2025-07-24T03:38:29.1973233Z,Buy,20.62,1
2025-07-24T03:38:29.2073233Z,Buy,20.62,217
2025-07-24T03:38:29.2073233Z,Buy,20.62,1
2025-07-24T03:38:29.2173233Z,Buy,20.62,2247
2025-07-24T03:38:29.2173233Z,Buy,20.62,1
2025-07-24T03:38:29.2273233Z,Buy,20.62,1668
2025-07-24T03:38:29.2273233Z,Buy,20.62,1
2025-07-24T03:38:29.2373233Z,Buy,20.62,1
2025-07-24T03:38:29.2473233Z,Buy,20.62,1
2025-07-24T03:38:29.2573233Z,Buy,20.62,789
2025-07-24T03:38:29.2573233Z,Buy,20.62,1
2025-07-24T03:38:29.2673233Z,Buy,20.62,697
2025-07-24T03:38:29.2673233Z,Buy,20.62,1
2025-07-24T03:38:29.2773233Z,Buy,20.62,1
2025-07-24T03:38:29.2873233Z,Buy,20.62,1
2025-07-24T03:38:29.2973233Z,Buy,20.62,593
2025-07-24T03:38:29.2973233Z,Buy,20.62,1
2025-07-24T03:38:29.3073233Z,Buy,20.62,1443
2025-07-24T03:38:29.3073233Z,Buy,20.63,467
2025-07-24T03:38:29.3073233Z,Buy,20.63,1
2025-07-24T03:38:29.3173233Z,Buy,20.63,847
2025-07-24T03:38:29.3173233Z,Buy,20.63,1
2025-07-24T03:38:29.3273233Z,Buy,20.63,1
2025-07-24T03:38:29.3373233Z,Buy,20.63,1
2025-07-24T03:38:29.3473233Z,Buy,20.63,2058
2025-07-24T03:38:29.3473233Z,Buy,20.63,1
2025-07-24T03:38:29.3573233Z,Buy,20.63,1
2025-07-24T03:38:29.3673233Z,Buy,20.63,2500
2025-07-24T03:38:29.3673233Z,Buy,20.63,1986
2025-07-24T03:38:29.3673233Z,Buy,20.64,69
2025-07-24T03:38:29.3673233Z,Buy,20.64,1
2025-07-24T03:38:29.3773233Z,Buy,20.63,775
2025-07-24T03:38:29.3773233Z,Buy,20.63,1
2025-07-24T03:38:29.3873233Z,Buy,20.63,1
2025-07-24T03:38:29.3973233Z,Buy,20.63,1
2025-07-24T03:38:29.4073233Z,Sell,20.61,2500
2025-07-24T03:38:29.4073233Z,Sell,20.61,56
2025-07-24T03:38:29.4073233Z,Buy,20.63,1
2025-07-24T03:38:29.4173233Z,Buy,20.63,2500
2025-07-24T03:38:29.4173233Z,Buy,20.64,241
2025-07-24T03:38:29.4173233Z,Buy,20.64,204
2025-07-24T03:38:29.4173233Z,Buy,20.64,1
2025-07-24T03:38:29.4273233Z,Buy,20.64,67
2025-07-24T03:38:29.4273233Z,Buy,20.64,1
2025-07-24T03:38:29.4373233Z,Buy,20.64,1
2025-07-24T03:38:29.4473233Z,Buy,20.64,1
2025-07-24T03:38:29.4573233Z,Buy,20.64,1638
2025-07-24T03:38:29.4573233Z,Buy,20.64,1
2025-07-24T03:38:29.4673233Z,Buy,20.64,1
2025-07-24T03:38:29.4773233Z,Buy,20.64,1
2025-07-24T03:38:29.4873233Z,Buy,20.64,508
2025-07-24T03:38:29.4873233Z,Buy,20.64,1
2025-07-24T03:38:29.4973233Z,Buy,20.64,564
2025-07-24T03:38:29.4973233Z,Buy,20.64,1
2025-07-24T03:38:29.5073233Z,Buy,20.64,1569
2025-07-24T03:38:29.5073233Z,Buy,20.64,1
2025-07-24T03:38:29.5173233Z,Buy,20.64,1
2025-07-24T03:38:29.5273233Z,Buy,20.64,460
2025-07-24T03:38:29.5273233Z,Buy,20.64,1
2025-07-24T03:38:29.5373233Z,Buy,20.64,224
2025-07-24T03:38:29.5373233Z,Buy,20.64,1
2025-07-24T03:38:29.5473233Z,Buy,20.64,521
2025-07-24T03:38:29.5473233Z,Buy,20.64,1
2025-07-24T03:38:29.5573233Z,Buy,20.64,1
2025-07-24T03:38:29.5673233Z,Buy,20.64,1
2025-07-24T03:38:29.5773233Z,Buy,20.64,1
2025-07-24T03:38:29.5873233Z,Buy,20.64,598
2025-07-24T03:38:29.5873233Z,Buy,20.64,1
2025-07-24T03:38:29.5973233Z,Buy,20.64,1
2025-07-24T03:38:29.6073233Z,Buy,20.64,1
2025-07-24T03:38:29.6173233Z,Buy,20.64,108
2025-07-24T03:38:29.6173233Z,Buy,20.64,1
2025-07-24T03:38:29.6273233Z,Buy,20.64,1171
2025-07-24T03:38:29.6273233Z,Buy,20.64,1
2025-07-24T03:38:29.6373233Z,Buy,20.64,1
2025-07-24T03:38:29.6473233Z,Buy,20.64,1
2025-07-24T03:38:29.6573233Z,Sell,20.63,1182
2025-07-24T03:38:29.6573233Z,Buy,20.64,1
2025-07-24T03:38:29.6673233Z,Buy,20.64,829
2025-07-24T03:38:29.6673233Z,Buy,20.65,1241
2025-07-24T03:38:29.6673233Z,Buy,20.65,1
2025-07-24T03:38:29.6773233Z,Buy,20.65,482
2025-07-24T03:38:29.6773233Z,Buy,20.65,1
2025-07-24T03:38:29.6873233Z,Buy,20.65,1
2025-07-24T03:38:29.6973233Z,Buy,20.65,552
2025-07-24T03:38:29.6973233Z,Buy,20.65,1
2025-07-24T03:38:29.7073233Z,Buy,20.65,1
2025-07-24T03:38:29.7173233Z,Buy,20.65,1
2025-07-24T03:38:29.7273233Z,Buy,20.65,671
2025-07-24T03:38:29.7273233Z,Buy,20.65,103
2025-07-24T03:38:29.7273233Z,Buy,20.65,1
2025-07-24T03:38:29.7373233Z,Buy,20.66,241
2025-07-24T03:38:29.7373233Z,Buy,20.66,1
2025-07-24T03:38:29.7473233Z,Buy,20.65,1
2025-07-24T03:38:29.7573233Z,Buy,20.65,370
2025-07-24T03:38:29.7573233Z,Buy,20.65,1
2025-07-24T03:38:29.7673233Z,Buy,20.65,2211
2025-07-24T03:38:29.7673233Z,Buy,20.65,1
2025-07-24T03:38:29.7773233Z,Buy,20.65,1
2025-07-24T03:38:29.7873233Z,Buy,20.65,1
2025-07-24T03:38:29.7973233Z,Buy,20.65,203
2025-07-24T03:38:29.7973233Z,Buy,20.65,1
2025-07-24T03:38:29.8073233Z,Buy,20.65,1
2025-07-24T03:38:29.8173233Z,Buy,20.65,1
2025-07-24T03:38:29.8273233Z,Buy,20.65,887
2025-07-24T03:38:29.8273233Z,Buy,20.65,852
2025-07-24T03:38:29.8273233Z,Buy,20.65,1
2025-07-24T03:38:29.8373233Z,Buy,20.65,1
2025-07-24T03:38:29.8473233Z,Buy,20.65,1782
2025-07-24T03:38:29.8473233Z,Buy,20.66,2500
2025-07-24T03:38:29.8473233Z,Buy,20.67,2152
2025-07-24T03:38:29.8473233Z,Buy,20.68,1174
2025-07-24T03:38:29.8473233Z,Buy,20.68,1
2025-07-24T03:38:29.8573233Z,Buy,20.67,1183
2025-07-24T03:38:29.8573233Z,Buy,20.67,1
2025-07-24T03:38:29.8673233Z,Buy,20.67,1
2025-07-24T03:38:29.8773233Z,Buy,20.67,715
2025-07-24T03:38:29.8773233Z,Buy,20.67,1
2025-07-24T03:38:29.8873233Z,Sell,20.65,474
2025-07-24T03:38:29.8873233Z,Sell,20.65,746
2025-07-24T03:38:29.8873233Z,Buy,20.67,1
2025-07-24T03:38:29.8973233Z,Buy,20.67,1
2025-07-24T03:38:29.9073233Z,Buy,20.67,356
2025-07-24T03:38:29.9073233Z,Buy,20.67,1
2025-07-24T03:38:29.9173233Z,Buy,20.68,1
2025-07-24T03:38:29.9273233Z,Buy,20.68,1
2025-07-24T03:38:29.9373233Z,Buy,20.68,1
2025-07-24T03:38:29.9473233Z,Buy,20.68,340
2025-07-24T03:38:29.9473233Z,Buy,20.68,1
2025-07-24T03:38:29.9573233Z,Buy,20.68,1
2025-07-24T03:38:29.9673233Z,Buy,20.68,1293
2025-07-24T03:38:29.9673233Z,Buy,20.68,1
2025-07-24T03:38:29.9773233Z,Buy,20.68,1092
2025-07-24T03:38:29.9773233Z,Buy,20.68,1
2025-07-24T03:38:29.9873233Z,Buy,20.68,1
2025-07-24T03:38:29.9973233Z,Buy,20.68,2500
2025-07-24T03:38:29.9973233Z,Buy,20.69,537
2025-07-24T03:38:29.9973233Z,Buy,20.69,1
2025-07-24T03:38:30.0073233Z,Buy,20.68,1
2025-07-24T03:38:30.0173233Z,Sell,20.67,1724
2025-07-24T03:38:30.0173233Z,Sell,20.67,2137
2025-07-24T03:38:30.0173233Z,Buy,20.69,1
2025-07-24T03:38:30.0273233Z,Buy,20.69,2499
2025-07-24T03:38:30.0273233Z,Buy,20.69,1
2025-07-24T03:38:30.0273233Z,Buy,20.69,77
2025-07-24T03:38:30.0273233Z,Buy,20.69,264
2025-07-24T03:38:30.0273233Z,Buy,20.70,396
2025-07-24T03:38:30.0273233Z,Buy,20.70,1
2025-07-24T03:38:30.0373233Z,Buy,20.69,2500
2025-07-24T03:38:30.0373233Z,Buy,20.70,381
2025-07-24T03:38:30.0373233Z,Buy,20.70,1
2025-07-24T03:38:30.0473233Z,Buy,20.70,1
2025-07-24T03:38:30.0573233Z,Buy,20.70,293
2025-07-24T03:38:30.0573233Z,Buy,20.70,1
2025-07-24T03:38:30.0673233Z,Buy,20.70,1
2025-07-24T03:38:30.0773233Z,Buy,20.70,923
2025-07-24T03:38:30.0773233Z,Buy,20.70,1
2025-07-24T03:38:30.0873233Z,Buy,20.70,1
2025-07-24T03:38:30.0973233Z,Sell,20.69,956
2025-07-24T03:38:30.0973233Z,Sell,20.68,1388
2025-07-24T03:38:30.0973233Z,Buy,20.70,1
2025-07-24T03:38:30.1073233Z,Sell,20.68,1149
2025-07-24T03:38:30.1073233Z,Buy,20.70,1
2025-07-24T03:38:30.1173233Z,Buy,20.70,308
2025-07-24T03:38:30.1173233Z,Buy,20.70,1
2025-07-24T03:38:30.1273233Z,Buy,20.70,1
2025-07-24T03:38:30.1373233Z,Buy,20.70,1
2025-07-24T03:38:30.1473233Z,Buy,20.70,1
2025-07-24T03:38:30.1573233Z,Buy,20.70,1
2025-07-24T03:38:30.1673233Z,Buy,20.70,343
2025-07-24T03:38:30.1673233Z,Buy,20.70,1
2025-07-24T03:38:30.1773233Z,Buy,20.70,18
2025-07-24T03:38:30.1773233Z,Buy,20.70,182
2025-07-24T03:38:30.1773233Z,Buy,20.70,1
2025-07-24T03:38:30.1873233Z,Buy,20.70,169
2025-07-24T03:38:30.1873233Z,Buy,20.70,2500
2025-07-24T03:38:30.1873233Z,Buy,20.71,2040
2025-07-24T03:38:30.1873233Z,Buy,20.71,1
2025-07-24T03:38:30.1973233Z,Buy,20.71,1
2025-07-24T03:38:30.2073233Z,Buy,20.71,1
2025-07-24T03:38:30.2173233Z,Buy,20.71,902
2025-07-24T03:38:30.2173233Z,Buy,20.71,1
2025-07-24T03:38:30.2273233Z,Sell,20.69,2855
2025-07-24T03:38:30.2273233Z,Sell,20.68,655
2025-07-24T03:38:30.2273233Z,Buy,20.71,1
2025-07-24T03:38:30.2373233Z,Buy,20.70,1
2025-07-24T03:38:30.2473233Z,Buy,20.71,1245
2025-07-24T03:38:30.2473233Z,Buy,20.71,1
2025-07-24T03:38:30.2573233Z,Buy,20.71,1
2025-07-24T03:38:30.2673233Z,Buy,20.71,1
2025-07-24T03:38:30.2773233Z,Buy,20.71,802
2025-07-24T03:38:30.2773233Z,Buy,20.72,486
2025-07-24T03:38:30.2773233Z,Buy,20.72,1
2025-07-24T03:38:30.2873233Z,Buy,20.71,2500
2025-07-24T03:38:30.2873233Z,Buy,20.72,2152
2025-07-24T03:38:30.2873233Z,Buy,20.73,1852
2025-07-24T03:38:30.2873233Z,Buy,20.74,1594
2025-07-24T03:38:30.2873233Z,Buy,20.75,1372
2025-07-24T03:38:30.2873233Z,Buy,20.76,238
2025-07-24T03:38:30.2873233Z,Buy,20.76,1
2025-07-24T03:38:30.2973233Z,Buy,20.73,1
2025-07-24T03:38:30.3073233Z,Buy,20.73,158
2025-07-24T03:38:30.3073233Z,Buy,20.73,2500
2025-07-24T03:38:30.3073233Z,Buy,20.74,2152
2025-07-24T03:38:30.3073233Z,Buy,20.75,386
2025-07-24T03:38:30.3073233Z,Buy,20.75,1
2025-07-24T03:38:30.3173233Z,Buy,20.74,1
2025-07-24T03:38:30.3273233Z,Buy,20.74,762
2025-07-24T03:38:30.3273233Z,Buy,20.74,1
2025-07-24T03:38:30.3373233Z,Buy,20.74,1
2025-07-24T03:38:30.3473233Z,Sell,20.72,1046
2025-07-24T03:38:30.3473233Z,Buy,20.74,1
2025-07-24T03:38:30.3573233Z,Buy,20.74,1736
2025-07-24T03:38:30.3573233Z,Buy,20.74,1
2025-07-24T03:38:30.3573233Z,Buy,20.74,236
2025-07-24T03:38:30.3573233Z,Buy,20.74,1
2025-07-24T03:38:30.3673233Z,Buy,20.74,1
2025-07-24T03:38:30.3773233Z,Sell,20.72,1325
2025-07-24T03:38:30.3773233Z,Buy,20.74,1
2025-07-24T03:38:30.3873233Z,Buy,20.74,347
2025-07-24T03:38:30.3873233Z,Buy,20.74,1
2025-07-24T03:38:30.3973233Z,Buy,20.74,1973
2025-07-24T03:38:30.3973233Z,Buy,20.74,1
2025-07-24T03:38:30.3973233Z,Buy,20.74,178
2025-07-24T03:38:30.3973233Z,Buy,20.74,15
2025-07-24T03:38:30.3973233Z,Buy,20.74,1
2025-07-24T03:38:30.4073233Z,Sell,20.72,493
2025-07-24T03:38:30.4073233Z,Buy,20.74,1
2025-07-24T03:38:30.4173233Z,Buy,20.74,1
2025-07-24T03:38:30.4273233Z,Buy,20.74,1
2025-07-24T03:38:30.4373233Z,Sell,20.72,1349
2025-07-24T03:38:30.4373233Z,Buy,20.74,1
2025-07-24T03:38:30.4473233Z,Buy,20.74,1
2025-07-24T03:38:30.4573233Z,Buy,20.74,772
2025-07-24T03:38:30.4573233Z,Buy,20.74,1
2025-07-24T03:38:30.4673233Z,Buy,20.74,1400
2025-07-24T03:38:30.4673233Z,Buy,20.74,1
2025-07-24T03:38:30.4773233Z,Buy,20.74,1
2025-07-24T03:38:30.4873233Z,Sell,20.72,214
2025-07-24T03:38:30.4873233Z,Buy,20.74,1
2025-07-24T03:38:30.4973233Z,Buy,20.74,1
2025-07-24T03:38:30.5073233Z,Sell,20.72,1643
2025-07-24T03:38:30.5073233Z,Buy,20.74,1
2025-07-24T03:38:30.5173233Z,Buy,20.73,1
2025-07-24T03:38:30.5273233Z,Buy,20.73,508
2025-07-24T03:38:30.5273233Z,Buy,20.73,1
2025-07-24T03:38:30.5373233Z,Buy,20.73,696
2025-07-24T03:38:30.5373233Z,Buy,20.73,1
2025-07-24T03:38:30.5473233Z,Buy,20.73,1
2025-07-24T03:38:30.5573233Z,Buy,20.73,1703
2025-07-24T03:38:30.5573233Z,Buy,20.74,283
2025-07-24T03:38:30.5573233Z,Buy,20.74,1
2025-07-24T03:38:30.5673233Z,Buy,20.74,1
2025-07-24T03:38:30.5773233Z,Buy,20.74,1
2025-07-24T03:38:30.5873233Z,Buy,20.74,75
2025-07-24T03:38:30.5873233Z,Buy,20.74,1
2025-07-24T03:38:30.5973233Z,Buy,20.74,2500
2025-07-24T03:38:30.5973233Z,Buy,20.74,1843
2025-07-24T03:38:30.5973233Z,Buy,20.74,777
2025-07-24T03:38:30.5973233Z,Buy,20.74,1
2025-07-24T03:38:30.6073233Z,Buy,20.74,401
2025-07-24T03:38:30.6073233Z,Buy,20.74,1
2025-07-24T03:38:30.6173233Z,Buy,20.74,1
2025-07-24T03:38:30.6273233Z,Buy,20.74,1
2025-07-24T03:38:30.6373233Z,Buy,20.74,851
2025-07-24T03:38:30.6373233Z,Buy,20.74,1
2025-07-24T03:38:30.6473233Z,Buy,20.74,1
2025-07-24T03:38:30.6573233Z,Buy,20.74,385
2025-07-24T03:38:30.6573233Z,Buy,20.74,1
2025-07-24T03:38:30.6673233Z,Buy,20.74,1
2025-07-24T03:38:30.6773233Z,Buy,20.74,1
2025-07-24T03:38:30.6873233Z,Buy,20.74,1
2025-07-24T03:38:30.6973233Z,Buy,20.74,1
2025-07-24T03:38:30.7073233Z,Buy,20.74,1017
2025-07-24T03:38:30.7073233Z,Buy,20.74,1474
2025-07-24T03:38:30.7073233Z,Buy,20.74,1
2025-07-24T03:38:30.7173233Z,Buy,20.74,584
2025-07-24T03:38:30.7173233Z,Buy,20.74,551
2025-07-24T03:38:30.7173233Z,Buy,20.75,2500
2025-07-24T03:38:30.7173233Z,Buy,20.75,928
2025-07-24T03:38:30.7173233Z,Buy,20.75,2089
2025-07-24T03:38:30.7173233Z,Buy,20.75,357
2025-07-24T03:38:30.7173233Z,Buy,20.76,2152
2025-07-24T03:38:30.7173233Z,Buy,20.77,1054
2025-07-24T03:38:30.7173233Z,Buy,20.77,1
2025-07-24T03:38:30.7273233Z,Buy,20.76,1
2025-07-24T03:38:30.7373233Z,Buy,20.76,1
2025-07-24T03:38:30.7473233Z,Buy,20.76,182
2025-07-24T03:38:30.7473233Z,Buy,20.76,1
2025-07-24T03:38:30.7573233Z,Buy,20.77,2500
2025-07-24T03:38:30.7573233Z,Buy,20.78,2152
2025-07-24T03:38:30.7573233Z,Buy,20.79,1852
2025-07-24T03:38:30.7573233Z,Buy,20.80,1594
2025-07-24T03:38:30.7573233Z,Buy,20.81,1372
2025-07-24T03:38:30.7573233Z,Buy,20.82,1181
2025-07-24T03:38:30.7573233Z,Buy,20.83,1016
2025-07-24T03:38:30.7573233Z,Buy,20.84,875
2025-07-24T03:38:30.7573233Z,Buy,20.85,753
2025-07-24T03:38:30.7573233Z,Buy,20.86,648
2025-07-24T03:38:30.7673233Z,Buy,20.76,1
2025-07-24T03:38:30.7773233Z,Buy,20.77,1
2025-07-24T03:38:30.7873233Z,Buy,20.77,1
2025-07-24T03:38:30.7973233Z,Sell,20.75,1140
2025-07-24T03:38:30.7973233Z,Buy,20.77,1
2025-07-24T03:38:30.8073233Z,Buy,20.77,1
2025-07-24T03:38:30.8173233Z,Sell,20.75,226
2025-07-24T03:38:30.8173233Z,Sell,20.75,952
2025-07-24T03:38:30.8173233Z,Buy,20.77,1
2025-07-24T03:38:30.8273233Z,Buy,20.77,1
2025-07-24T03:38:30.8373233Z,Buy,20.77,613
2025-07-24T03:38:30.8373233Z,Buy,20.77,1
2025-07-24T03:38:30.8473233Z,Buy,20.77,1
2025-07-24T03:38:30.8573233Z,Buy,20.77,1
2025-07-24T03:38:30.8673233Z,Buy,20.77,2500
2025-07-24T03:38:30.8673233Z,Buy,20.77,219
2025-07-24T03:38:30.8673233Z,Buy,20.77,1
2025-07-24T03:38:30.8773233Z,Buy,20.77,1
2025-07-24T03:38:30.8873233Z,Buy,20.77,310
2025-07-24T03:38:30.8873233Z,Buy,20.77,1
2025-07-24T03:38:30.8973233Z,Buy,20.77,1
