ts,bidPrice,bidQty,askPrice,askQty
2025-07-24T02:26:12.7392953Z,19.99,7377,20.01,5000
2025-07-24T02:26:12.7392953Z,19.98,4304,20.02,4304
2025-07-24T02:26:12.7392953Z,19.97,3704,20.03,3704
2025-07-24T02:26:12.7392953Z,19.96,3188,20.04,3188
2025-07-24T02:26:12.7392953Z,19.95,2744,20.05,2744
2025-07-24T02:26:12.7392953Z,19.94,2362,20.06,2362
2025-07-24T02:26:12.7392953Z,19.93,2032,20.07,2032
2025-07-24T02:26:12.7392953Z,19.92,1750,20.08,1750
2025-07-24T02:26:12.7392953Z,19.91,1506,20.09,1506
2025-07-24T02:26:12.7392953Z,19.90,1296,20.10,1296
                                   
2025-07-24T02:26:13.7392953Z,19.97,2456,19.98,5152
2025-07-24T02:26:13.7392953Z,19.96,2152,19.99,2500
2025-07-24T02:26:13.7392953Z,19.95,1852,19.99,3350
2025-07-24T02:26:13.7392953Z,19.94,1594,20.00,2152
2025-07-24T02:26:13.7392953Z,19.93,1016,20.00,7858
2025-07-24T02:26:13.7392953Z,19.93,1372,20.01,1852
2025-07-24T02:26:13.7392953Z,19.92,1181,20.01,3020
2025-07-24T02:26:13.7392953Z,19.91,1016,20.02,1594
2025-07-24T02:26:13.7392953Z,19.90,875,20.02,8207
2025-07-24T02:26:13.7392953Z,19.89,753,20.03,1372
                                   
2025-07-24T02:26:14.7392953Z,19.90,1527,19.92,2500
2025-07-24T02:26:14.7392953Z,19.90,1808,19.93,12221
2025-07-24T02:26:14.7392953Z,19.89,2152,19.93,2152
2025-07-24T02:26:14.7392953Z,19.88,1852,19.94,12993
2025-07-24T02:26:14.7392953Z,19.87,1594,19.94,1852
2025-07-24T02:26:14.7392953Z,19.86,1372,19.95,11074
2025-07-24T02:26:14.7392953Z,19.85,1181,19.95,1594
2025-07-24T02:26:14.7392953Z,19.84,1016,19.96,19362
2025-07-24T02:26:14.7392953Z,19.83,875,19.96,1372
2025-07-24T02:26:14.7392953Z,19.82,753,19.97,1181
                                   
2025-07-24T02:26:15.7392953Z,19.87,2103,19.89,2500
2025-07-24T02:26:15.7392953Z,19.87,10124,19.90,17697
2025-07-24T02:26:15.7392953Z,19.86,2152,19.90,2152
2025-07-24T02:26:15.7392953Z,19.86,7751,19.91,3413
2025-07-24T02:26:15.7392953Z,19.85,1852,19.91,1852
2025-07-24T02:26:15.7392953Z,19.84,1594,19.92,13142
2025-07-24T02:26:15.7392953Z,19.83,1372,19.92,1594
2025-07-24T02:26:15.7392953Z,19.82,1181,19.93,7208
2025-07-24T02:26:15.7392953Z,19.81,1016,19.93,1372
2025-07-24T02:26:15.7392953Z,19.80,875,19.94,5586
                                   
2025-07-24T02:26:16.7392953Z,19.85,10390,19.86,13477
2025-07-24T02:26:16.7392953Z,19.85,2500,19.87,2500
2025-07-24T02:26:16.7392953Z,19.84,5270,19.87,239
2025-07-24T02:26:16.7392953Z,19.84,2152,19.88,2152
2025-07-24T02:26:16.7392953Z,19.83,8021,19.88,7349
2025-07-24T02:26:16.7392953Z,19.83,1852,19.89,1852
2025-07-24T02:26:16.7392953Z,19.82,1594,19.89,1086
2025-07-24T02:26:16.7392953Z,19.81,1372,19.90,1594
2025-07-24T02:26:16.7392953Z,19.80,1181,19.90,6950
2025-07-24T02:26:16.7392953Z,19.79,1016,19.91,1372
                                   
2025-07-24T02:26:17.7392953Z,19.83,8093,19.85,16997
2025-07-24T02:26:17.7392953Z,19.82,4060,19.86,11398
2025-07-24T02:26:17.7392953Z,19.81,1852,19.87,26179
2025-07-24T02:26:17.7392953Z,19.80,1594,19.88,21003
2025-07-24T02:26:17.7392953Z,19.79,1372,19.89,9790
2025-07-24T02:26:17.7392953Z,19.78,1181,19.90,5360
2025-07-24T02:26:17.7392953Z,19.77,1016,19.91,3547
2025-07-24T02:26:17.7392953Z,19.76,875,19.92,9207
2025-07-24T02:26:17.7392953Z,19.75,753,19.93,1958
2025-07-24T02:26:17.7392953Z,19.74,648,19.94,2773
                                   
2025-07-24T02:26:18.7392953Z,19.84,1973,19.86,2500
2025-07-24T02:26:18.7392953Z,19.83,6215,19.86,3293
2025-07-24T02:26:18.7392953Z,19.83,2152,19.87,2152
2025-07-24T02:26:18.7392953Z,19.82,4608,19.87,26386
2025-07-24T02:26:18.7392953Z,19.82,1852,19.88,1852
2025-07-24T02:26:18.7392953Z,19.81,1594,19.88,4775
2025-07-24T02:26:18.7392953Z,19.80,1372,19.89,1594
2025-07-24T02:26:18.7392953Z,19.79,1181,19.89,18005
2025-07-24T02:26:18.7392953Z,19.78,1016,19.90,1372
2025-07-24T02:26:18.7392953Z,19.77,875,19.90,4179
                                   
2025-07-24T02:26:19.7392953Z,19.86,934,19.87,17170
2025-07-24T02:26:19.7392953Z,19.86,2500,19.88,2500
2025-07-24T02:26:19.7392953Z,19.85,104,19.88,2036
2025-07-24T02:26:19.7392953Z,19.85,2152,19.89,2152
2025-07-24T02:26:19.7392953Z,19.84,2023,19.89,5669
2025-07-24T02:26:19.7392953Z,19.84,1852,19.90,1852
2025-07-24T02:26:19.7392953Z,19.83,1594,19.90,4655
2025-07-24T02:26:19.7392953Z,19.82,1372,19.91,1594
2025-07-24T02:26:19.7392953Z,19.81,1181,19.92,1372
2025-07-24T02:26:19.7392953Z,19.80,1016,19.93,1181
                                   
2025-07-24T02:26:20.7392953Z,19.78,2500,19.80,2263
2025-07-24T02:26:20.7392953Z,19.78,772,19.80,2500
2025-07-24T02:26:20.7392953Z,19.77,2152,19.81,9400
2025-07-24T02:26:20.7392953Z,19.76,1852,19.81,2152
2025-07-24T02:26:20.7392953Z,19.75,1594,19.82,1219
2025-07-24T02:26:20.7392953Z,19.74,1372,19.82,1852
2025-07-24T02:26:20.7392953Z,19.73,1181,19.83,25579
2025-07-24T02:26:20.7392953Z,19.72,1016,19.83,1594
2025-07-24T02:26:20.7392953Z,19.71,875,19.84,440
2025-07-24T02:26:20.7392953Z,19.70,753,19.84,1372
                                   
2025-07-24T02:26:21.7392953Z,19.75,2500,19.77,1661
2025-07-24T02:26:21.7392953Z,19.74,2152,19.78,1903
2025-07-24T02:26:21.7392953Z,19.73,1852,19.78,2152
2025-07-24T02:26:21.7392953Z,19.72,1594,19.79,2743
2025-07-24T02:26:21.7392953Z,19.71,1372,19.79,1852
2025-07-24T02:26:21.7392953Z,19.70,1181,19.80,1395
2025-07-24T02:26:21.7392953Z,19.69,1016,19.80,1594
2025-07-24T02:26:21.7392953Z,19.68,875,19.81,22456
2025-07-24T02:26:21.7392953Z,19.67,753,19.81,1372
2025-07-24T02:26:21.7392953Z,19.66,648,19.82,1181
                                   
2025-07-24T02:26:22.7392953Z,19.77,2500,19.79,2500
2025-07-24T02:26:22.7392953Z,19.76,6297,19.79,5451
2025-07-24T02:26:22.7392953Z,19.76,2152,19.80,2152
2025-07-24T02:26:22.7392953Z,19.75,23650,19.80,727
2025-07-24T02:26:22.7392953Z,19.75,1852,19.81,1852
2025-07-24T02:26:22.7392953Z,19.74,6819,19.81,13072
2025-07-24T02:26:22.7392953Z,19.74,1594,19.82,1594
2025-07-24T02:26:22.7392953Z,19.73,1436,19.83,1372
2025-07-24T02:26:22.7392953Z,19.73,1372,19.83,182
2025-07-24T02:26:22.7392953Z,19.72,1181,19.84,1181
                                   
2025-07-24T02:26:23.7392953Z,19.79,2500,19.80,615
2025-07-24T02:26:23.7392953Z,19.78,2152,19.81,2500
2025-07-24T02:26:23.7392953Z,19.78,4385,19.82,278
2025-07-24T02:26:23.7392953Z,19.77,1852,19.82,2152
2025-07-24T02:26:23.7392953Z,19.77,7088,19.83,1852
2025-07-24T02:26:23.7392953Z,19.76,1594,19.84,1594
2025-07-24T02:26:23.7392953Z,19.76,9601,19.85,1372
2025-07-24T02:26:23.7392953Z,19.75,1372,19.86,476
2025-07-24T02:26:23.7392953Z,19.75,7250,19.86,1181
2025-07-24T02:26:23.7392953Z,19.74,1181,19.87,971
                                   
2025-07-24T02:26:24.7392953Z,19.89,1954,19.90,1619
2025-07-24T02:26:24.7392953Z,19.89,2500,19.91,2500
2025-07-24T02:26:24.7392953Z,19.88,624,19.92,2152
2025-07-24T02:26:24.7392953Z,19.88,2152,19.93,1852
2025-07-24T02:26:24.7392953Z,19.87,649,19.93,1205
2025-07-24T02:26:24.7392953Z,19.87,1852,19.94,1594
2025-07-24T02:26:24.7392953Z,19.86,5733,19.95,1372
2025-07-24T02:26:24.7392953Z,19.86,1594,19.96,1181
2025-07-24T02:26:24.7392953Z,19.85,8842,19.97,1016
2025-07-24T02:26:24.7392953Z,19.85,1372,19.98,875
                                   
2025-07-24T02:26:25.7392953Z,19.92,1885,19.94,2500
2025-07-24T02:26:25.7392953Z,19.92,2500,19.95,2152
2025-07-24T02:26:25.7392953Z,19.91,2152,19.96,1852
2025-07-24T02:26:25.7392953Z,19.90,7435,19.96,623
2025-07-24T02:26:25.7392953Z,19.90,1852,19.97,1594
2025-07-24T02:26:25.7392953Z,19.89,19108,19.99,1181
2025-07-24T02:26:25.7392953Z,19.89,1594,20.00,1016
2025-07-24T02:26:25.7392953Z,19.88,1481,20.01,875
2025-07-24T02:26:25.7392953Z,19.88,1372,20.02,753
2025-07-24T02:26:25.7392953Z,19.87,1181,20.03,648
                                   
2025-07-24T02:26:26.7392953Z,20.00,1799,20.03,1593
2025-07-24T02:26:26.7392953Z,20.00,2500,20.04,1852
2025-07-24T02:26:26.7392953Z,19.99,2773,20.05,1594
2025-07-24T02:26:26.7392953Z,19.99,2152,20.06,1372
2025-07-24T02:26:26.7392953Z,19.98,1274,20.07,1181
2025-07-24T02:26:26.7392953Z,19.98,1852,20.08,1016
2025-07-24T02:26:26.7392953Z,19.97,2751,20.09,875
2025-07-24T02:26:26.7392953Z,19.97,1594,20.10,753
2025-07-24T02:26:26.7392953Z,19.96,1372,20.11,648
2025-07-24T02:26:26.7392953Z,19.95,7095,,
                                   
2025-07-24T02:26:27.7392953Z,20.03,2979,20.04,5304
2025-07-24T02:26:27.7392953Z,20.03,2500,20.05,2500
2025-07-24T02:26:27.7392953Z,20.02,258,20.05,4111
2025-07-24T02:26:27.7392953Z,20.02,2152,20.06,2152
2025-07-24T02:26:27.7392953Z,20.01,1852,20.07,1852
2025-07-24T02:26:27.7392953Z,20.00,2168,20.07,1450
2025-07-24T02:26:27.7392953Z,20.00,1594,20.08,1594
2025-07-24T02:26:27.7392953Z,19.99,2773,20.09,1372
2025-07-24T02:26:27.7392953Z,19.99,1372,20.09,6471
2025-07-24T02:26:27.7392953Z,19.98,1061,20.10,1181
                                   
2025-07-24T02:26:28.7392953Z,20.02,486,20.03,926
2025-07-24T02:26:28.7392953Z,20.02,2500,20.04,2500
2025-07-24T02:26:28.7392953Z,20.01,5863,20.04,310
2025-07-24T02:26:28.7392953Z,20.01,2152,20.05,2152
2025-07-24T02:26:28.7392953Z,20.00,12944,20.05,266
2025-07-24T02:26:28.7392953Z,20.00,1852,20.06,1852
2025-07-24T02:26:28.7392953Z,19.99,1971,20.06,1399
2025-07-24T02:26:28.7392953Z,19.99,1594,20.07,1594
2025-07-24T02:26:28.7392953Z,19.98,1372,20.07,1059
2025-07-24T02:26:28.7392953Z,19.97,512,20.08,1372
                                   
2025-07-24T02:26:29.7392953Z,20.05,8848,20.07,2500
2025-07-24T02:26:29.7392953Z,20.05,2500,20.08,2152
2025-07-24T02:26:29.7392953Z,20.04,2152,20.09,1852
2025-07-24T02:26:29.7392953Z,20.03,1852,20.10,1594
2025-07-24T02:26:29.7392953Z,20.02,697,20.10,3197
2025-07-24T02:26:29.7392953Z,20.02,1594,20.11,1372
2025-07-24T02:26:29.7392953Z,20.01,5863,20.12,1181
2025-07-24T02:26:29.7392953Z,20.01,1372,20.13,1016
2025-07-24T02:26:29.7392953Z,20.00,8192,20.14,875
2025-07-24T02:26:29.7392953Z,20.00,1181,20.15,753
                                   
2025-07-24T02:26:30.7392953Z,20.03,3694,20.04,1759
2025-07-24T02:26:30.7392953Z,20.03,2500,20.05,2500
2025-07-24T02:26:30.7392953Z,20.02,2152,20.05,788
2025-07-24T02:26:30.7392953Z,20.01,8318,20.06,2152
2025-07-24T02:26:30.7392953Z,20.01,1852,20.06,451
2025-07-24T02:26:30.7392953Z,20.00,9235,20.07,1852
2025-07-24T02:26:30.7392953Z,20.00,1594,20.07,10159
2025-07-24T02:26:30.7392953Z,19.99,1372,20.08,1594
2025-07-24T02:26:30.7392953Z,19.98,1181,20.09,1372
2025-07-24T02:26:30.7392953Z,19.97,512,20.10,1181
                                   
2025-07-24T02:26:31.7392953Z,20.02,4109,20.04,1058
2025-07-24T02:26:31.7392953Z,20.02,2500,20.04,1905
2025-07-24T02:26:31.7392953Z,20.01,16360,20.05,2152
2025-07-24T02:26:31.7392953Z,20.01,2152,20.05,2129
2025-07-24T02:26:31.7392953Z,20.00,1852,20.06,1852
2025-07-24T02:26:31.7392953Z,19.99,1525,20.06,6088
2025-07-24T02:26:31.7392953Z,19.99,1594,20.07,1594
2025-07-24T02:26:31.7392953Z,19.98,1372,20.07,638
2025-07-24T02:26:31.7392953Z,19.97,1181,20.08,1372
2025-07-24T02:26:31.7392953Z,19.96,1016,20.09,1181
                                   
2025-07-24T02:26:32.7392953Z,20.03,898,20.05,2500
2025-07-24T02:26:32.7392953Z,20.02,1624,20.05,3327
2025-07-24T02:26:32.7392953Z,20.02,2152,20.06,2152
2025-07-24T02:26:32.7392953Z,20.01,64403,20.06,2412
2025-07-24T02:26:32.7392953Z,20.01,1852,20.07,1852
2025-07-24T02:26:32.7392953Z,20.00,8310,20.07,638
2025-07-24T02:26:32.7392953Z,20.00,1594,20.08,1594
2025-07-24T02:26:32.7392953Z,19.99,4737,20.09,1372
2025-07-24T02:26:32.7392953Z,19.99,1372,20.10,1181
2025-07-24T02:26:32.7392953Z,19.98,1181,20.11,1016
                                   
2025-07-24T02:26:33.7392953Z,20.10,1009,20.11,44
2025-07-24T02:26:33.7392953Z,20.10,2500,20.12,2500
2025-07-24T02:26:33.7392953Z,20.09,2152,20.12,5090
2025-07-24T02:26:33.7392953Z,20.08,1852,20.13,2152
2025-07-24T02:26:33.7392953Z,20.07,767,20.14,1852
2025-07-24T02:26:33.7392953Z,20.07,1594,20.15,1594
2025-07-24T02:26:33.7392953Z,20.06,10174,20.16,1372
2025-07-24T02:26:33.7392953Z,20.06,1372,20.17,1181
2025-07-24T02:26:33.7392953Z,20.05,1181,20.18,1016
2025-07-24T02:26:33.7392953Z,20.04,5596,20.19,875
                                   
2025-07-24T02:26:34.7392953Z,20.21,3290,20.23,9480
2025-07-24T02:26:34.7392953Z,20.20,2152,20.24,2152
2025-07-24T02:26:34.7392953Z,20.19,2078,20.25,1852
2025-07-24T02:26:34.7392953Z,20.18,3873,20.26,1594
2025-07-24T02:26:34.7392953Z,20.17,15993,20.27,1372
2025-07-24T02:26:34.7392953Z,20.16,1998,20.28,1181
2025-07-24T02:26:34.7392953Z,20.15,1016,20.29,1016
2025-07-24T02:26:34.7392953Z,20.14,5946,20.30,875
2025-07-24T02:26:34.7392953Z,20.13,753,20.31,753
2025-07-24T02:26:34.7392953Z,20.12,648,20.32,648
                                   
2025-07-24T02:26:35.7392953Z,20.33,11464,20.35,2500
2025-07-24T02:26:35.7392953Z,20.33,2500,20.35,332
2025-07-24T02:26:35.7392953Z,20.32,10949,20.36,2152
2025-07-24T02:26:35.7392953Z,20.32,2152,20.37,1852
2025-07-24T02:26:35.7392953Z,20.31,12731,20.38,1594
2025-07-24T02:26:35.7392953Z,20.31,1852,20.39,1372
2025-07-24T02:26:35.7392953Z,20.30,11706,20.40,1181
2025-07-24T02:26:35.7392953Z,20.30,1594,20.41,1016
2025-07-24T02:26:35.7392953Z,20.29,395,20.42,875
2025-07-24T02:26:35.7392953Z,20.29,1372,20.43,753
                                   
2025-07-24T02:26:36.7392953Z,20.45,2500,20.47,6493
2025-07-24T02:26:36.7392953Z,20.45,914,20.47,2500
2025-07-24T02:26:36.7392953Z,20.44,2152,20.48,2152
2025-07-24T02:26:36.7392953Z,20.44,487,20.49,1852
2025-07-24T02:26:36.7392953Z,20.43,1852,20.50,1594
2025-07-24T02:26:36.7392953Z,20.43,5324,20.51,1372
2025-07-24T02:26:36.7392953Z,20.42,1594,20.52,1181
2025-07-24T02:26:36.7392953Z,20.42,2609,20.53,1016
2025-07-24T02:26:36.7392953Z,20.41,1372,20.54,875
2025-07-24T02:26:36.7392953Z,20.41,8052,20.55,753
                                   
2025-07-24T02:26:37.7392953Z,20.60,22050,20.62,6536
2025-07-24T02:26:37.7392953Z,20.59,3305,20.63,2152
2025-07-24T02:26:37.7392953Z,20.58,5067,20.64,1852
2025-07-24T02:26:37.7392953Z,20.57,1594,20.65,1594
2025-07-24T02:26:37.7392953Z,20.56,4616,20.66,1372
2025-07-24T02:26:37.7392953Z,20.55,2234,20.67,1181
2025-07-24T02:26:37.7392953Z,20.54,1016,20.68,1016
2025-07-24T02:26:37.7392953Z,20.53,3203,20.69,875
2025-07-24T02:26:37.7392953Z,20.52,1384,20.70,753
2025-07-24T02:26:37.7392953Z,20.51,2827,20.71,648
                                   
2025-07-24T02:26:38.7392953Z,20.67,749,20.68,1908
2025-07-24T02:26:38.7392953Z,20.67,2500,20.69,2500
2025-07-24T02:26:38.7392953Z,20.66,14212,20.69,9227
2025-07-24T02:26:38.7392953Z,20.66,2152,20.70,2152
2025-07-24T02:26:38.7392953Z,20.65,5675,20.70,1409
2025-07-24T02:26:38.7392953Z,20.65,1852,20.71,1852
2025-07-24T02:26:38.7392953Z,20.64,3814,20.72,1594
2025-07-24T02:26:38.7392953Z,20.64,1594,20.73,1372
2025-07-24T02:26:38.7392953Z,20.63,15418,20.74,1181
2025-07-24T02:26:38.7392953Z,20.63,1372,20.75,1016
                                   
2025-07-24T02:26:39.7392953Z,20.68,27062,20.71,1337
2025-07-24T02:26:39.7392953Z,20.67,28794,20.72,4003
2025-07-24T02:26:39.7392953Z,20.66,18324,20.73,1594
2025-07-24T02:26:39.7392953Z,20.65,4071,20.74,1372
2025-07-24T02:26:39.7392953Z,20.64,1722,20.75,1181
2025-07-24T02:26:39.7392953Z,20.63,9733,20.76,1016
2025-07-24T02:26:39.7392953Z,20.62,4195,20.77,875
2025-07-24T02:26:39.7392953Z,20.61,875,20.78,753
2025-07-24T02:26:39.7392953Z,20.60,753,20.79,648
2025-07-24T02:26:39.7392953Z,20.59,1801,,
                                   
2025-07-24T02:26:40.7392953Z,20.75,3492,20.77,196
2025-07-24T02:26:40.7392953Z,20.75,2500,20.78,2152
2025-07-24T02:26:40.7392953Z,20.74,2152,20.79,1852
2025-07-24T02:26:40.7392953Z,20.73,9292,20.80,1594
2025-07-24T02:26:40.7392953Z,20.73,1852,20.81,1372
2025-07-24T02:26:40.7392953Z,20.72,2837,20.82,1181
2025-07-24T02:26:40.7392953Z,20.72,1594,20.83,1016
2025-07-24T02:26:40.7392953Z,20.71,16348,20.84,875
2025-07-24T02:26:40.7392953Z,20.71,1372,20.85,753
2025-07-24T02:26:40.7392953Z,20.70,19600,20.86,648
                                   
2025-07-24T02:26:41.7392953Z,20.90,16729,20.93,2500
2025-07-24T02:26:41.7392953Z,20.90,2152,20.94,2152
2025-07-24T02:26:41.7392953Z,20.89,735,20.95,1852
2025-07-24T02:26:41.7392953Z,20.89,1852,20.95,2400
2025-07-24T02:26:41.7392953Z,20.88,686,20.96,1594
2025-07-24T02:26:41.7392953Z,20.88,1594,20.97,1372
2025-07-24T02:26:41.7392953Z,20.87,648,20.98,1181
2025-07-24T02:26:41.7392953Z,20.87,1372,20.99,1016
2025-07-24T02:26:41.7392953Z,20.86,1893,21.00,875
2025-07-24T02:26:41.7392953Z,20.86,1181,21.01,753
                                   
2025-07-24T02:26:42.7392953Z,20.98,342,21.00,72
2025-07-24T02:26:42.7392953Z,20.98,2500,21.01,2152
2025-07-24T02:26:42.7392953Z,20.97,8981,21.02,1852
2025-07-24T02:26:42.7392953Z,20.97,2152,21.03,1594
2025-07-24T02:26:42.7392953Z,20.96,25,21.04,1372
2025-07-24T02:26:42.7392953Z,20.96,1852,21.05,1181
2025-07-24T02:26:42.7392953Z,20.95,10983,21.06,1016
2025-07-24T02:26:42.7392953Z,20.95,1594,21.07,875
2025-07-24T02:26:42.7392953Z,20.94,14414,21.08,753
2025-07-24T02:26:42.7392953Z,20.94,1372,21.09,648
                                   
2025-07-24T02:26:43.7392953Z,20.99,11679,21.00,7632
2025-07-24T02:26:43.7392953Z,20.99,2500,21.01,2500
2025-07-24T02:26:43.7392953Z,20.98,26030,21.01,9188
2025-07-24T02:26:43.7392953Z,20.98,2152,21.02,2152
2025-07-24T02:26:43.7392953Z,20.97,2243,21.02,495
2025-07-24T02:26:43.7392953Z,20.97,1852,21.03,1852
2025-07-24T02:26:43.7392953Z,20.96,5262,21.03,12183
2025-07-24T02:26:43.7392953Z,20.96,1594,21.04,1594
2025-07-24T02:26:43.7392953Z,20.95,471,21.05,1372
2025-07-24T02:26:43.7392953Z,20.95,1372,21.06,1181
                                   
2025-07-24T02:26:44.7392953Z,20.99,1777,21.00,921
2025-07-24T02:26:44.7392953Z,20.99,2500,21.01,2500
2025-07-24T02:26:44.7392953Z,20.98,33127,21.01,14557
2025-07-24T02:26:44.7392953Z,20.98,2152,21.02,2152
2025-07-24T02:26:44.7392953Z,20.97,18956,21.02,10962
2025-07-24T02:26:44.7392953Z,20.97,1852,21.03,1852
2025-07-24T02:26:44.7392953Z,20.96,940,21.03,12183
2025-07-24T02:26:44.7392953Z,20.96,1594,21.04,1594
2025-07-24T02:26:44.7392953Z,20.95,1372,21.05,1372
2025-07-24T02:26:44.7392953Z,20.94,2012,21.06,1181
                                   
2025-07-24T02:26:45.7392953Z,21.01,2240,21.02,4486
2025-07-24T02:26:45.7392953Z,21.00,7683,21.03,2500
2025-07-24T02:26:45.7392953Z,21.00,2152,21.03,19803
2025-07-24T02:26:45.7392953Z,20.99,22397,21.04,2152
2025-07-24T02:26:45.7392953Z,20.99,1852,21.04,7201
2025-07-24T02:26:45.7392953Z,20.98,20409,21.05,1852
2025-07-24T02:26:45.7392953Z,20.98,1594,21.06,1594
2025-07-24T02:26:45.7392953Z,20.97,9321,21.07,1372
2025-07-24T02:26:45.7392953Z,20.97,1372,21.08,1181
2025-07-24T02:26:45.7392953Z,20.96,940,21.09,1016
                                   
2025-07-24T02:26:46.7392953Z,21.00,2500,21.02,1113
2025-07-24T02:26:46.7392953Z,21.00,13330,21.03,11666
2025-07-24T02:26:46.7392953Z,20.99,2152,21.03,2152
2025-07-24T02:26:46.7392953Z,20.99,22480,21.04,2910
2025-07-24T02:26:46.7392953Z,20.98,1852,21.04,1852
2025-07-24T02:26:46.7392953Z,20.98,11658,21.05,470
2025-07-24T02:26:46.7392953Z,20.97,1594,21.05,1594
2025-07-24T02:26:46.7392953Z,20.97,8736,21.06,1372
2025-07-24T02:26:46.7392953Z,20.96,1372,21.07,1181
2025-07-24T02:26:46.7392953Z,20.96,915,21.08,1016
                                   
2025-07-24T02:26:47.7392953Z,21.01,3523,21.02,7261
2025-07-24T02:26:47.7392953Z,21.01,2500,21.03,2500
2025-07-24T02:26:47.7392953Z,21.00,4629,21.03,26937
2025-07-24T02:26:47.7392953Z,21.00,2152,21.04,2152
2025-07-24T02:26:47.7392953Z,20.99,12122,21.04,844
2025-07-24T02:26:47.7392953Z,20.99,1852,21.05,1852
2025-07-24T02:26:47.7392953Z,20.98,9011,21.05,470
2025-07-24T02:26:47.7392953Z,20.98,1594,21.06,1594
2025-07-24T02:26:47.7392953Z,20.97,1372,21.07,1372
2025-07-24T02:26:47.7392953Z,20.96,915,21.07,394
                                   
2025-07-24T02:26:48.7392953Z,20.95,2500,20.97,1632
2025-07-24T02:26:48.7392953Z,20.95,590,20.98,6845
2025-07-24T02:26:48.7392953Z,20.94,2152,20.98,2152
2025-07-24T02:26:48.7392953Z,20.94,1547,20.99,3628
2025-07-24T02:26:48.7392953Z,20.93,1852,20.99,1852
2025-07-24T02:26:48.7392953Z,20.93,285,21.00,1336
2025-07-24T02:26:48.7392953Z,20.92,1594,21.00,1594
2025-07-24T02:26:48.7392953Z,20.91,1372,21.01,5746
2025-07-24T02:26:48.7392953Z,20.90,1181,21.01,1372
2025-07-24T02:26:48.7392953Z,20.89,1016,21.02,31051
                                   
2025-07-24T02:26:49.7392953Z,20.93,3524,20.95,2500
2025-07-24T02:26:49.7392953Z,20.93,2500,20.95,29108
2025-07-24T02:26:49.7392953Z,20.92,1139,20.96,2152
2025-07-24T02:26:49.7392953Z,20.92,2152,20.96,7120
2025-07-24T02:26:49.7392953Z,20.91,1852,20.97,1852
2025-07-24T02:26:49.7392953Z,20.90,1594,20.97,2815
2025-07-24T02:26:49.7392953Z,20.89,1372,20.98,1594
2025-07-24T02:26:49.7392953Z,20.88,1181,20.98,5127
2025-07-24T02:26:49.7392953Z,20.87,1016,20.99,1372
2025-07-24T02:26:49.7392953Z,20.86,875,20.99,1134
                                   
2025-07-24T02:26:50.7392953Z,20.88,2500,20.90,2500
2025-07-24T02:26:50.7392953Z,20.87,2152,20.91,4592
2025-07-24T02:26:50.7392953Z,20.87,3197,20.91,2152
2025-07-24T02:26:50.7392953Z,20.86,1852,20.92,9563
2025-07-24T02:26:50.7392953Z,20.86,1607,20.92,1852
2025-07-24T02:26:50.7392953Z,20.85,1594,20.93,5049
2025-07-24T02:26:50.7392953Z,20.84,1372,20.93,1594
2025-07-24T02:26:50.7392953Z,20.83,1181,20.95,6159
2025-07-24T02:26:50.7392953Z,20.82,1016,20.95,1181
2025-07-24T02:26:50.7392953Z,20.81,875,20.96,2351
                                   
2025-07-24T02:26:51.7392953Z,20.89,6008,20.91,7024
2025-07-24T02:26:51.7392953Z,20.88,3335,20.92,8695
2025-07-24T02:26:51.7392953Z,20.87,7411,20.93,7357
2025-07-24T02:26:51.7392953Z,20.86,4831,20.94,1594
2025-07-24T02:26:51.7392953Z,20.85,1372,20.95,1963
2025-07-24T02:26:51.7392953Z,20.84,1181,20.96,2592
2025-07-24T02:26:51.7392953Z,20.83,1016,20.97,2766
2025-07-24T02:26:51.7392953Z,20.82,875,20.98,2580
2025-07-24T02:26:51.7392953Z,20.81,753,20.99,753
2025-07-24T02:26:51.7392953Z,20.80,648,21.00,648
                                   
2025-07-24T02:26:52.7392953Z,20.92,2500,20.94,2500
2025-07-24T02:26:52.7392953Z,20.91,4984,20.94,3149
2025-07-24T02:26:52.7392953Z,20.91,2152,20.95,2152
2025-07-24T02:26:52.7392953Z,20.90,11568,20.95,7289
2025-07-24T02:26:52.7392953Z,20.90,1852,20.96,1852
2025-07-24T02:26:52.7392953Z,20.89,6098,20.96,10364
2025-07-24T02:26:52.7392953Z,20.89,1594,20.97,1594
2025-07-24T02:26:52.7392953Z,20.88,2378,20.97,1750
2025-07-24T02:26:52.7392953Z,20.88,1372,20.98,1372
2025-07-24T02:26:52.7392953Z,20.87,4029,20.98,1705
                                   
2025-07-24T02:26:53.7392953Z,20.97,2500,20.99,9936
2025-07-24T02:26:53.7392953Z,20.97,1963,20.99,2500
2025-07-24T02:26:53.7392953Z,20.96,2152,21.00,2430
2025-07-24T02:26:53.7392953Z,20.96,15359,21.00,2152
2025-07-24T02:26:53.7392953Z,20.95,1852,21.01,1852
2025-07-24T02:26:53.7392953Z,20.94,1594,21.02,4064
2025-07-24T02:26:53.7392953Z,20.93,1372,21.02,1594
2025-07-24T02:26:53.7392953Z,20.93,1294,21.03,1372
2025-07-24T02:26:53.7392953Z,20.92,1181,21.04,1181
2025-07-24T02:26:53.7392953Z,20.92,6036,21.05,1016
                                   
2025-07-24T02:26:54.7392953Z,21.00,1851,21.02,1094
2025-07-24T02:26:54.7392953Z,21.00,502,21.02,2500
2025-07-24T02:26:54.7392953Z,20.99,2152,21.03,2152
2025-07-24T02:26:54.7392953Z,20.99,17780,21.04,15449
2025-07-24T02:26:54.7392953Z,20.98,1852,21.04,1852
2025-07-24T02:26:54.7392953Z,20.98,3068,21.05,4381
2025-07-24T02:26:54.7392953Z,20.97,1594,21.05,1594
2025-07-24T02:26:54.7392953Z,20.97,1305,21.06,1372
2025-07-24T02:26:54.7392953Z,20.96,1372,21.07,1181
2025-07-24T02:26:54.7392953Z,20.96,17429,21.08,1016
                                   
2025-07-24T02:26:55.7392953Z,21.04,7229,21.05,11870
2025-07-24T02:26:55.7392953Z,21.04,2500,21.06,2500
2025-07-24T02:26:55.7392953Z,21.03,24061,21.06,6280
2025-07-24T02:26:55.7392953Z,21.03,2152,21.07,2152
2025-07-24T02:26:55.7392953Z,21.02,2632,21.07,4940
2025-07-24T02:26:55.7392953Z,21.02,1852,21.08,1852
2025-07-24T02:26:55.7392953Z,21.01,6375,21.09,1594
2025-07-24T02:26:55.7392953Z,21.01,1594,21.10,1372
2025-07-24T02:26:55.7392953Z,21.00,3543,21.11,1181
2025-07-24T02:26:55.7392953Z,21.00,1372,21.12,1016
                                   
2025-07-24T02:26:56.7392953Z,21.12,2500,21.14,2260
2025-07-24T02:26:56.7392953Z,21.11,308,21.15,2152
2025-07-24T02:26:56.7392953Z,21.11,2152,21.16,1852
2025-07-24T02:26:56.7392953Z,21.10,1852,21.17,1594
2025-07-24T02:26:56.7392953Z,21.09,1594,21.18,1372
2025-07-24T02:26:56.7392953Z,21.08,1331,21.19,1181
2025-07-24T02:26:56.7392953Z,21.08,1372,21.20,1016
2025-07-24T02:26:56.7392953Z,21.07,3762,21.21,875
2025-07-24T02:26:56.7392953Z,21.07,1181,21.22,753
2025-07-24T02:26:56.7392953Z,21.06,20516,21.23,648
                                   
2025-07-24T02:26:57.7392953Z,21.13,2500,21.15,2269
2025-07-24T02:26:57.7392953Z,21.12,11793,21.15,627
2025-07-24T02:26:57.7392953Z,21.12,2152,21.16,2152
2025-07-24T02:26:57.7392953Z,21.11,4480,21.16,2584
2025-07-24T02:26:57.7392953Z,21.11,1852,21.17,1852
2025-07-24T02:26:57.7392953Z,21.10,1638,21.18,1594
2025-07-24T02:26:57.7392953Z,21.10,1594,21.19,1372
2025-07-24T02:26:57.7392953Z,21.09,7801,21.20,1181
2025-07-24T02:26:57.7392953Z,21.09,1372,21.21,1016
2025-07-24T02:26:57.7392953Z,21.08,477,21.22,875
                                   
2025-07-24T02:26:58.7392953Z,21.14,12753,21.15,27860
2025-07-24T02:26:58.7392953Z,21.14,2500,21.16,2500
2025-07-24T02:26:58.7392953Z,21.13,13795,21.16,1174
2025-07-24T02:26:58.7392953Z,21.13,2152,21.17,2152
2025-07-24T02:26:58.7392953Z,21.12,11838,21.17,13799
2025-07-24T02:26:58.7392953Z,21.12,1852,21.18,1852
2025-07-24T02:26:58.7392953Z,21.11,1320,21.18,10382
2025-07-24T02:26:58.7392953Z,21.11,1594,21.19,1594
2025-07-24T02:26:58.7392953Z,21.10,1372,21.20,1372
2025-07-24T02:26:58.7392953Z,21.09,7801,21.21,1181
                                   
2025-07-24T02:26:59.7392953Z,21.15,2639,21.16,9876
2025-07-24T02:26:59.7392953Z,21.15,2500,21.17,2500
2025-07-24T02:26:59.7392953Z,21.14,22388,21.17,7985
2025-07-24T02:26:59.7392953Z,21.14,2152,21.18,2152
2025-07-24T02:26:59.7392953Z,21.13,23041,21.18,11911
2025-07-24T02:26:59.7392953Z,21.13,1852,21.19,1852
2025-07-24T02:26:59.7392953Z,21.12,17468,21.20,1594
2025-07-24T02:26:59.7392953Z,21.12,1594,21.21,1372
2025-07-24T02:26:59.7392953Z,21.11,4639,21.22,1181
2025-07-24T02:26:59.7392953Z,21.11,1372,21.23,1016
                                   
2025-07-24T02:27:00.7392953Z,21.15,2500,21.17,3978
2025-07-24T02:27:00.7392953Z,21.15,2520,21.17,2500
2025-07-24T02:27:00.7392953Z,21.14,2152,21.18,7395
2025-07-24T02:27:00.7392953Z,21.14,15514,21.18,2152
2025-07-24T02:27:00.7392953Z,21.13,1852,21.19,1852
2025-07-24T02:27:00.7392953Z,21.13,6636,21.20,1594
2025-07-24T02:27:00.7392953Z,21.12,1594,21.21,1372
2025-07-24T02:27:00.7392953Z,21.12,14535,21.22,1181
2025-07-24T02:27:00.7392953Z,21.11,1372,21.23,1016
2025-07-24T02:27:00.7392953Z,21.11,3319,21.24,875
                                   
2025-07-24T02:27:01.7392953Z,21.20,1403,21.22,2500
2025-07-24T02:27:01.7392953Z,21.20,2500,21.22,569
2025-07-24T02:27:01.7392953Z,21.19,557,21.23,2152
2025-07-24T02:27:01.7392953Z,21.19,2152,21.23,1429
2025-07-24T02:27:01.7392953Z,21.18,9348,21.24,1852
2025-07-24T02:27:01.7392953Z,21.18,1852,21.25,1594
2025-07-24T02:27:01.7392953Z,21.17,327,21.26,1372
2025-07-24T02:27:01.7392953Z,21.17,1594,21.27,1181
2025-07-24T02:27:01.7392953Z,21.16,9702,21.28,1016
2025-07-24T02:27:01.7392953Z,21.16,1372,21.29,875
                                   
2025-07-24T02:27:02.7392953Z,21.19,5213,21.20,21755
2025-07-24T02:27:02.7392953Z,21.19,2500,21.21,2500
2025-07-24T02:27:02.7392953Z,21.18,1584,21.21,8014
2025-07-24T02:27:02.7392953Z,21.18,2152,21.22,2152
2025-07-24T02:27:02.7392953Z,21.17,539,21.22,8905
2025-07-24T02:27:02.7392953Z,21.17,1852,21.23,1852
2025-07-24T02:27:02.7392953Z,21.16,2007,21.23,583
2025-07-24T02:27:02.7392953Z,21.16,1594,21.24,1594
2025-07-24T02:27:02.7392953Z,21.15,18098,21.25,1372
2025-07-24T02:27:02.7392953Z,21.15,1372,21.26,1181
                                   
2025-07-24T02:27:03.7392953Z,21.17,5813,21.19,2500
2025-07-24T02:27:03.7392953Z,21.17,2500,21.19,1053
2025-07-24T02:27:03.7392953Z,21.16,4270,21.20,2152
2025-07-24T02:27:03.7392953Z,21.16,2152,21.20,27845
2025-07-24T02:27:03.7392953Z,21.15,24304,21.21,1852
2025-07-24T02:27:03.7392953Z,21.15,1852,21.21,4232
2025-07-24T02:27:03.7392953Z,21.14,4279,21.22,1594
2025-07-24T02:27:03.7392953Z,21.14,1594,21.22,7290
2025-07-24T02:27:03.7392953Z,21.13,2977,21.23,1372
2025-07-24T02:27:03.7392953Z,21.13,1372,21.24,1181
                                   
2025-07-24T02:27:04.7392953Z,21.18,985,21.19,11068
2025-07-24T02:27:04.7392953Z,21.18,2500,21.20,2500
2025-07-24T02:27:04.7392953Z,21.17,7519,21.20,21114
2025-07-24T02:27:04.7392953Z,21.17,2152,21.21,2152
2025-07-24T02:27:04.7392953Z,21.16,4008,21.21,4893
2025-07-24T02:27:04.7392953Z,21.16,1852,21.22,1852
2025-07-24T02:27:04.7392953Z,21.15,6533,21.22,7718
2025-07-24T02:27:04.7392953Z,21.15,1594,21.23,1594
2025-07-24T02:27:04.7392953Z,21.14,1372,21.24,1372
2025-07-24T02:27:04.7392953Z,21.13,1144,21.25,1181
                                   
2025-07-24T02:27:05.7392953Z,21.15,12141,21.16,3522
2025-07-24T02:27:05.7392953Z,21.15,2500,21.17,2500
2025-07-24T02:27:05.7392953Z,21.14,3757,21.17,1497
2025-07-24T02:27:05.7392953Z,21.14,2152,21.18,2152
2025-07-24T02:27:05.7392953Z,21.13,10868,21.18,17970
2025-07-24T02:27:05.7392953Z,21.13,1852,21.19,1852
2025-07-24T02:27:05.7392953Z,21.12,1594,21.19,5008
2025-07-24T02:27:05.7392953Z,21.11,1372,21.20,1594
2025-07-24T02:27:05.7392953Z,21.10,1181,21.20,24782
2025-07-24T02:27:05.7392953Z,21.09,1016,21.21,1372
                                   
2025-07-24T02:27:06.7392953Z,21.16,5300,21.18,24958
2025-07-24T02:27:06.7392953Z,21.15,13494,21.19,14750
2025-07-24T02:27:06.7392953Z,21.14,2292,21.20,17647
2025-07-24T02:27:06.7392953Z,21.13,10634,21.21,5051
2025-07-24T02:27:06.7392953Z,21.12,1372,21.22,1416
2025-07-24T02:27:06.7392953Z,21.11,1181,21.23,1181
2025-07-24T02:27:06.7392953Z,21.10,1016,21.24,1016
2025-07-24T02:27:06.7392953Z,21.09,875,21.25,875
2025-07-24T02:27:06.7392953Z,21.08,753,21.26,753
2025-07-24T02:27:06.7392953Z,21.07,648,21.27,648
                                   
2025-07-24T02:27:07.7392953Z,21.15,532,21.17,2500
2025-07-24T02:27:07.7392953Z,21.15,8773,21.18,22957
2025-07-24T02:27:07.7392953Z,21.14,2152,21.18,2152
2025-07-24T02:27:07.7392953Z,21.14,5802,21.19,5090
2025-07-24T02:27:07.7392953Z,21.13,1852,21.19,1852
2025-07-24T02:27:07.7392953Z,21.13,5883,21.20,11218
2025-07-24T02:27:07.7392953Z,21.12,1594,21.20,1594
2025-07-24T02:27:07.7392953Z,21.11,1372,21.21,3056
2025-07-24T02:27:07.7392953Z,21.10,1181,21.21,1372
2025-07-24T02:27:07.7392953Z,21.09,1016,21.22,44
                                   
2025-07-24T02:27:08.7392953Z,21.13,2500,21.15,9484
2025-07-24T02:27:08.7392953Z,21.13,16530,21.15,2500
2025-07-24T02:27:08.7392953Z,21.12,2152,21.16,8780
2025-07-24T02:27:08.7392953Z,21.12,8645,21.16,2152
2025-07-24T02:27:08.7392953Z,21.11,1852,21.17,3081
2025-07-24T02:27:08.7392953Z,21.11,809,21.17,1852
2025-07-24T02:27:08.7392953Z,21.10,1594,21.18,9819
2025-07-24T02:27:08.7392953Z,21.09,1372,21.18,1594
2025-07-24T02:27:08.7392953Z,21.08,1181,21.19,1646
2025-07-24T02:27:08.7392953Z,21.07,1016,21.19,1372
                                   
2025-07-24T02:27:09.7392953Z,21.09,1728,21.10,2653
2025-07-24T02:27:09.7392953Z,21.08,2152,21.11,2500
2025-07-24T02:27:09.7392953Z,21.07,1852,21.11,23394
2025-07-24T02:27:09.7392953Z,21.06,1594,21.12,2152
2025-07-24T02:27:09.7392953Z,21.05,1372,21.12,27104
2025-07-24T02:27:09.7392953Z,21.04,1181,21.13,1852
2025-07-24T02:27:09.7392953Z,21.03,1016,21.13,2927
2025-07-24T02:27:09.7392953Z,21.02,875,21.14,1594
2025-07-24T02:27:09.7392953Z,21.01,753,21.15,1372
2025-07-24T02:27:09.7392953Z,21.00,648,21.15,9524
                                   
2025-07-24T02:27:10.7392953Z,21.04,2500,21.06,2500
2025-07-24T02:27:10.7392953Z,21.03,373,21.06,1289
2025-07-24T02:27:10.7392953Z,21.03,2152,21.07,2152
2025-07-24T02:27:10.7392953Z,21.02,713,21.07,2689
2025-07-24T02:27:10.7392953Z,21.02,1852,21.08,1852
2025-07-24T02:27:10.7392953Z,21.01,1594,21.08,2594
2025-07-24T02:27:10.7392953Z,21.00,1372,21.09,1594
2025-07-24T02:27:10.7392953Z,20.99,1181,21.09,1640
2025-07-24T02:27:10.7392953Z,20.98,1016,21.10,1372
2025-07-24T02:27:10.7392953Z,20.97,875,21.10,3081
                                   
2025-07-24T02:27:11.7392953Z,21.01,2500,21.05,2203
2025-07-24T02:27:11.7392953Z,21.00,13650,21.06,1594
2025-07-24T02:27:11.7392953Z,20.99,5649,21.07,2399
2025-07-24T02:27:11.7392953Z,20.98,1594,21.08,2277
2025-07-24T02:27:11.7392953Z,20.97,2146,21.09,2656
2025-07-24T02:27:11.7392953Z,20.96,1181,21.10,1189
2025-07-24T02:27:11.7392953Z,20.95,1016,21.11,25254
2025-07-24T02:27:11.7392953Z,20.94,875,21.12,2751
2025-07-24T02:27:11.7392953Z,20.93,753,21.13,2927
2025-07-24T02:27:11.7392953Z,20.92,648,21.15,1339
                                   
2025-07-24T02:27:12.7392953Z,21.06,2500,21.08,2500
2025-07-24T02:27:12.7392953Z,21.06,13233,21.09,776
2025-07-24T02:27:12.7392953Z,21.05,2152,21.09,2152
2025-07-24T02:27:12.7392953Z,21.05,4738,21.10,1852
2025-07-24T02:27:12.7392953Z,21.04,1852,21.11,1594
2025-07-24T02:27:12.7392953Z,21.04,3593,21.12,2103
2025-07-24T02:27:12.7392953Z,21.03,1594,21.12,1372
2025-07-24T02:27:12.7392953Z,21.03,5482,21.13,2927
2025-07-24T02:27:12.7392953Z,21.02,1372,21.13,1181
2025-07-24T02:27:12.7392953Z,21.02,10533,21.14,1016
                                   
2025-07-24T02:27:13.7392953Z,21.09,2012,21.11,723
2025-07-24T02:27:13.7392953Z,21.09,4060,21.11,2500
2025-07-24T02:27:13.7392953Z,21.08,2152,21.12,2103
2025-07-24T02:27:13.7392953Z,21.08,12842,21.12,2152
2025-07-24T02:27:13.7392953Z,21.07,1852,21.13,1852
2025-07-24T02:27:13.7392953Z,21.07,4168,21.14,1594
2025-07-24T02:27:13.7392953Z,21.06,1594,21.15,1372
2025-07-24T02:27:13.7392953Z,21.06,11313,21.16,1181
2025-07-24T02:27:13.7392953Z,21.05,6767,21.17,1016
2025-07-24T02:27:13.7392953Z,21.04,1181,21.18,1625
                                   
2025-07-24T02:27:14.7392953Z,21.13,2500,21.15,2500
2025-07-24T02:27:14.7392953Z,21.13,4164,21.16,3376
2025-07-24T02:27:14.7392953Z,21.12,2152,21.16,2152
2025-07-24T02:27:14.7392953Z,21.12,6296,21.17,2359
2025-07-24T02:27:14.7392953Z,21.11,1852,21.17,1852
2025-07-24T02:27:14.7392953Z,21.11,9301,21.18,1594
2025-07-24T02:27:14.7392953Z,21.10,1594,21.19,1372
2025-07-24T02:27:14.7392953Z,21.10,256,21.20,1181
2025-07-24T02:27:14.7392953Z,21.09,1372,21.21,1016
2025-07-24T02:27:14.7392953Z,21.09,1900,21.22,875
                                   
2025-07-24T02:27:15.7392953Z,21.16,1122,21.17,3594
2025-07-24T02:27:15.7392953Z,21.16,2500,21.18,2500
2025-07-24T02:27:15.7392953Z,21.15,753,21.18,8148
2025-07-24T02:27:15.7392953Z,21.15,2152,21.19,2152
2025-07-24T02:27:15.7392953Z,21.14,10561,21.19,910
2025-07-24T02:27:15.7392953Z,21.14,1852,21.20,1852
2025-07-24T02:27:15.7392953Z,21.13,3913,21.20,1426
2025-07-24T02:27:15.7392953Z,21.13,1594,21.21,1594
2025-07-24T02:27:15.7392953Z,21.12,1226,21.21,1044
2025-07-24T02:27:15.7392953Z,21.12,1372,21.22,1372
                                   
2025-07-24T02:27:16.7392953Z,21.15,2500,21.17,7380
2025-07-24T02:27:16.7392953Z,21.15,11222,21.17,2500
2025-07-24T02:27:16.7392953Z,21.14,2152,21.18,20112
2025-07-24T02:27:16.7392953Z,21.14,14092,21.18,2152
2025-07-24T02:27:16.7392953Z,21.13,1852,21.19,15299
2025-07-24T02:27:16.7392953Z,21.13,3184,21.19,1852
2025-07-24T02:27:16.7392953Z,21.12,1594,21.20,15828
2025-07-24T02:27:16.7392953Z,21.11,1372,21.20,1594
2025-07-24T02:27:16.7392953Z,21.11,4207,21.21,1672
2025-07-24T02:27:16.7392953Z,21.10,1181,21.21,1372
                                   
2025-07-24T02:27:17.7392953Z,21.18,6896,21.19,4407
2025-07-24T02:27:17.7392953Z,21.18,2500,21.20,2500
2025-07-24T02:27:17.7392953Z,21.17,3898,21.20,20802
2025-07-24T02:27:17.7392953Z,21.17,2152,21.21,2152
2025-07-24T02:27:17.7392953Z,21.16,6211,21.21,1672
2025-07-24T02:27:17.7392953Z,21.16,1852,21.22,1852
2025-07-24T02:27:17.7392953Z,21.15,17352,21.23,1594
2025-07-24T02:27:17.7392953Z,21.15,1594,21.24,1372
2025-07-24T02:27:17.7392953Z,21.14,10186,21.25,1181
2025-07-24T02:27:17.7392953Z,21.14,1372,21.26,1016
                                   
2025-07-24T02:27:18.7392953Z,21.18,2500,21.19,2288
2025-07-24T02:27:18.7392953Z,21.17,2607,21.20,2500
2025-07-24T02:27:18.7392953Z,21.17,2152,21.20,60313
2025-07-24T02:27:18.7392953Z,21.16,13971,21.21,2152
2025-07-24T02:27:18.7392953Z,21.16,1852,21.21,10558
2025-07-24T02:27:18.7392953Z,21.15,31504,21.22,1852
2025-07-24T02:27:18.7392953Z,21.15,1594,21.23,1594
2025-07-24T02:27:18.7392953Z,21.14,9721,21.24,1372
2025-07-24T02:27:18.7392953Z,21.14,1372,21.25,1181
2025-07-24T02:27:18.7392953Z,21.13,761,21.26,1016
                                   
2025-07-24T02:27:19.7392953Z,21.15,26240,21.17,3059
2025-07-24T02:27:19.7392953Z,21.14,10760,21.18,48316
2025-07-24T02:27:19.7392953Z,21.13,1852,21.19,3794
2025-07-24T02:27:19.7392953Z,21.12,1594,21.20,75931
2025-07-24T02:27:19.7392953Z,21.11,4117,21.21,12762
2025-07-24T02:27:19.7392953Z,21.10,1181,21.22,1181
2025-07-24T02:27:19.7392953Z,21.09,1016,21.23,2104
2025-07-24T02:27:19.7392953Z,21.08,875,21.24,875
2025-07-24T02:27:19.7392953Z,21.07,753,21.25,753
2025-07-24T02:27:19.7392953Z,21.06,648,21.26,648
                                   
2025-07-24T02:27:20.7392953Z,21.15,7520,21.17,38002
2025-07-24T02:27:20.7392953Z,21.14,13034,21.18,92140
2025-07-24T02:27:20.7392953Z,21.13,3334,21.19,5299
2025-07-24T02:27:20.7392953Z,21.12,1757,21.20,23925
2025-07-24T02:27:20.7392953Z,21.11,1372,21.21,6459
2025-07-24T02:27:20.7392953Z,21.10,1181,21.22,1181
2025-07-24T02:27:20.7392953Z,21.09,1016,21.23,2104
2025-07-24T02:27:20.7392953Z,21.08,875,21.24,875
2025-07-24T02:27:20.7392953Z,21.07,753,21.25,753
2025-07-24T02:27:20.7392953Z,21.06,648,21.26,648
                                   
2025-07-24T02:27:21.7392953Z,21.15,9636,21.17,27798
2025-07-24T02:27:21.7392953Z,21.14,3622,21.18,75842
2025-07-24T02:27:21.7392953Z,21.13,5924,21.19,7828
2025-07-24T02:27:21.7392953Z,21.12,1757,21.20,13612
2025-07-24T02:27:21.7392953Z,21.11,1372,21.21,5690
2025-07-24T02:27:21.7392953Z,21.10,1181,21.22,1181
2025-07-24T02:27:21.7392953Z,21.09,1016,21.23,2104
2025-07-24T02:27:21.7392953Z,21.08,875,21.24,875
2025-07-24T02:27:21.7392953Z,21.07,753,21.25,753
2025-07-24T02:27:21.7392953Z,21.06,648,21.26,648
                                   
2025-07-24T02:27:22.7392953Z,21.14,6739,21.16,8633
2025-07-24T02:27:22.7392953Z,21.13,7317,21.17,33352
2025-07-24T02:27:22.7392953Z,21.12,2153,21.18,59845
2025-07-24T02:27:22.7392953Z,21.11,1594,21.19,7415
2025-07-24T02:27:22.7392953Z,21.10,1372,21.20,5312
2025-07-24T02:27:22.7392953Z,21.09,1181,21.21,1181
2025-07-24T02:27:22.7392953Z,21.08,1016,21.22,1016
2025-07-24T02:27:22.7392953Z,21.07,875,21.23,1963
2025-07-24T02:27:22.7392953Z,21.06,753,21.24,753
2025-07-24T02:27:22.7392953Z,21.05,648,21.25,648
                                   
2025-07-24T02:27:23.7392953Z,21.14,2500,21.17,41914
2025-07-24T02:27:23.7392953Z,21.13,2152,21.17,2152
2025-07-24T02:27:23.7392953Z,21.13,2833,21.18,51762
2025-07-24T02:27:23.7392953Z,21.12,1852,21.18,1852
2025-07-24T02:27:23.7392953Z,21.12,6056,21.19,3833
2025-07-24T02:27:23.7392953Z,21.11,1594,21.19,1594
2025-07-24T02:27:23.7392953Z,21.11,443,21.20,3940
2025-07-24T02:27:23.7392953Z,21.10,1372,21.20,1372
2025-07-24T02:27:23.7392953Z,21.09,1181,21.21,1181
2025-07-24T02:27:23.7392953Z,21.08,1016,21.22,1016
                                   
2025-07-24T02:27:24.7392953Z,21.12,2073,21.14,584
2025-07-24T02:27:24.7392953Z,21.11,443,21.15,2500
2025-07-24T02:27:24.7392953Z,21.11,1852,21.15,36416
2025-07-24T02:27:24.7392953Z,21.10,1594,21.16,2152
2025-07-24T02:27:24.7392953Z,21.09,1372,21.16,11892
2025-07-24T02:27:24.7392953Z,21.08,1181,21.17,1852
2025-07-24T02:27:24.7392953Z,21.07,1016,21.17,20893
2025-07-24T02:27:24.7392953Z,21.06,875,21.18,1594
2025-07-24T02:27:24.7392953Z,21.05,753,21.18,41387
2025-07-24T02:27:24.7392953Z,21.04,648,21.19,1372
                                   
2025-07-24T02:27:25.7392953Z,20.98,1040,21.00,2500
2025-07-24T02:27:25.7392953Z,20.97,2152,21.01,2429
2025-07-24T02:27:25.7392953Z,20.96,1852,21.01,2152
2025-07-24T02:27:25.7392953Z,20.95,1594,21.02,8041
2025-07-24T02:27:25.7392953Z,20.94,1372,21.02,1852
2025-07-24T02:27:25.7392953Z,20.93,1181,21.03,1330
2025-07-24T02:27:25.7392953Z,20.92,1016,21.03,1594
2025-07-24T02:27:25.7392953Z,20.91,875,21.04,3914
2025-07-24T02:27:25.7392953Z,20.90,753,21.04,1372
2025-07-24T02:27:25.7392953Z,20.89,648,21.05,2050
                                   
2025-07-24T02:27:26.7392953Z,20.89,2500,20.90,657
2025-07-24T02:27:26.7392953Z,20.89,4931,20.91,2500
2025-07-24T02:27:26.7392953Z,20.88,2152,20.92,2152
2025-07-24T02:27:26.7392953Z,20.87,1852,20.93,1852
2025-07-24T02:27:26.7392953Z,20.86,1594,20.94,3653
2025-07-24T02:27:26.7392953Z,20.85,1372,20.94,1594
2025-07-24T02:27:26.7392953Z,20.84,1181,20.95,23064
2025-07-24T02:27:26.7392953Z,20.83,1016,20.95,1372
2025-07-24T02:27:26.7392953Z,20.82,875,20.96,1174
2025-07-24T02:27:26.7392953Z,20.81,753,20.96,1181
                                   
2025-07-24T02:27:27.7392953Z,20.82,1240,20.86,2500
2025-07-24T02:27:27.7392953Z,20.81,1594,20.87,2152
2025-07-24T02:27:27.7392953Z,20.80,1372,20.88,2007
2025-07-24T02:27:27.7392953Z,20.79,1181,20.88,1852
2025-07-24T02:27:27.7392953Z,20.78,1016,20.89,1709
2025-07-24T02:27:27.7392953Z,20.77,875,20.89,1594
2025-07-24T02:27:27.7392953Z,20.76,753,20.90,993
2025-07-24T02:27:27.7392953Z,20.75,648,20.90,1372
2025-07-24T02:27:27.7392953Z,,,20.91,1181
2025-07-24T02:27:27.7392953Z,,,20.92,1776
                                   
2025-07-24T02:27:28.7392953Z,20.81,11984,20.82,9004
2025-07-24T02:27:28.7392953Z,20.81,2500,20.83,2500
2025-07-24T02:27:28.7392953Z,20.80,3998,20.83,5320
2025-07-24T02:27:28.7392953Z,20.80,2152,20.84,2152
2025-07-24T02:27:28.7392953Z,20.79,876,20.84,419
2025-07-24T02:27:28.7392953Z,20.79,1852,20.85,1852
2025-07-24T02:27:28.7392953Z,20.78,1594,20.86,1594
2025-07-24T02:27:28.7392953Z,20.77,1372,20.86,4111
2025-07-24T02:27:28.7392953Z,20.76,1181,20.87,1372
2025-07-24T02:27:28.7392953Z,20.75,1016,20.87,729
                                   
2025-07-24T02:27:29.7392953Z,20.67,1466,20.68,899
2025-07-24T02:27:29.7392953Z,20.67,2500,20.69,2500
2025-07-24T02:27:29.7392953Z,20.66,2152,20.69,7880
2025-07-24T02:27:29.7392953Z,20.65,1852,20.70,2152
2025-07-24T02:27:29.7392953Z,20.64,1594,20.70,7616
2025-07-24T02:27:29.7392953Z,20.63,1372,20.71,1852
2025-07-24T02:27:29.7392953Z,20.62,1181,20.71,19668
2025-07-24T02:27:29.7392953Z,20.61,1016,20.72,1594
2025-07-24T02:27:29.7392953Z,20.60,875,20.72,336
2025-07-24T02:27:29.7392953Z,20.59,753,20.73,1372
                                   
2025-07-24T02:27:30.7392953Z,20.68,1306,20.69,11721
2025-07-24T02:27:30.7392953Z,20.68,2500,20.70,2500
2025-07-24T02:27:30.7392953Z,20.67,7158,20.70,1950
2025-07-24T02:27:30.7392953Z,20.67,2152,20.71,2152
2025-07-24T02:27:30.7392953Z,20.66,1852,20.71,21537
2025-07-24T02:27:30.7392953Z,20.65,4392,20.72,1852
2025-07-24T02:27:30.7392953Z,20.65,1594,20.73,1594
2025-07-24T02:27:30.7392953Z,20.64,367,20.74,1372
2025-07-24T02:27:30.7392953Z,20.64,1372,20.74,3357
2025-07-24T02:27:30.7392953Z,20.63,15881,20.75,1181
                                   
2025-07-24T02:27:31.7392953Z,20.69,12738,20.70,1204
2025-07-24T02:27:31.7392953Z,20.69,2500,20.71,2500
2025-07-24T02:27:31.7392953Z,20.68,1242,20.71,13879
2025-07-24T02:27:31.7392953Z,20.68,2152,20.72,2152
2025-07-24T02:27:31.7392953Z,20.67,9033,20.72,251
2025-07-24T02:27:31.7392953Z,20.67,1852,20.73,1852
2025-07-24T02:27:31.7392953Z,20.66,2291,20.74,1594
2025-07-24T02:27:31.7392953Z,20.66,1594,20.74,3357
2025-07-24T02:27:31.7392953Z,20.65,4934,20.75,1372
2025-07-24T02:27:31.7392953Z,20.65,1372,20.76,1181
                                   
2025-07-24T02:27:32.7392953Z,20.71,13032,20.72,1435
2025-07-24T02:27:32.7392953Z,20.71,2500,20.73,2500
2025-07-24T02:27:32.7392953Z,20.70,13067,20.73,528
2025-07-24T02:27:32.7392953Z,20.70,2152,20.74,2152
2025-07-24T02:27:32.7392953Z,20.69,8986,20.74,2343
2025-07-24T02:27:32.7392953Z,20.69,1852,20.75,1852
2025-07-24T02:27:32.7392953Z,20.68,1242,20.76,1594
2025-07-24T02:27:32.7392953Z,20.68,1594,20.76,2380
2025-07-24T02:27:32.7392953Z,20.67,7139,20.77,1372
2025-07-24T02:27:32.7392953Z,20.67,1372,20.77,1362
                                   
2025-07-24T02:27:33.7392953Z,20.72,1016,20.73,140
2025-07-24T02:27:33.7392953Z,20.72,2500,20.74,2500
2025-07-24T02:27:33.7392953Z,20.71,27772,20.74,7846
2025-07-24T02:27:33.7392953Z,20.71,2152,20.75,2152
2025-07-24T02:27:33.7392953Z,20.70,12079,20.75,2901
2025-07-24T02:27:33.7392953Z,20.70,1852,20.76,1852
2025-07-24T02:27:33.7392953Z,20.69,13887,20.76,2709
2025-07-24T02:27:33.7392953Z,20.69,1594,20.77,1594
2025-07-24T02:27:33.7392953Z,20.68,695,20.78,1372
2025-07-24T02:27:33.7392953Z,20.68,1372,20.79,1181
                                   
2025-07-24T02:27:34.7392953Z,20.72,1954,20.73,1277
2025-07-24T02:27:34.7392953Z,20.72,2500,20.74,2500
2025-07-24T02:27:34.7392953Z,20.71,10000,20.74,4708
2025-07-24T02:27:34.7392953Z,20.71,790,20.75,2152
2025-07-24T02:27:34.7392953Z,20.71,2152,20.75,49734
2025-07-24T02:27:34.7392953Z,20.70,6065,20.76,1852
2025-07-24T02:27:34.7392953Z,20.70,9362,20.76,1613
2025-07-24T02:27:34.7392953Z,20.70,1852,20.77,1594
2025-07-24T02:27:34.7392953Z,20.69,3679,20.78,1372
2025-07-24T02:27:34.7392953Z,20.69,2586,20.79,1181
                                   
2025-07-24T02:27:35.7392953Z,20.74,5072,20.75,33027
2025-07-24T02:27:35.7392953Z,20.74,2500,20.76,2500
2025-07-24T02:27:35.7392953Z,20.73,16628,20.76,12512
2025-07-24T02:27:35.7392953Z,20.73,2152,20.77,2152
2025-07-24T02:27:35.7392953Z,20.72,16519,20.78,1852
2025-07-24T02:27:35.7392953Z,20.72,1852,20.78,527
2025-07-24T02:27:35.7392953Z,20.71,14818,20.79,1594
2025-07-24T02:27:35.7392953Z,20.71,1594,20.80,1372
2025-07-24T02:27:35.7392953Z,20.70,16088,20.81,1181
2025-07-24T02:27:35.7392953Z,20.70,1372,20.82,1016
                                   
2025-07-24T02:27:36.7392953Z,20.75,1863,,
2025-07-24T02:27:36.7392953Z,20.75,2500,,
2025-07-24T02:27:36.7392953Z,20.74,13637,,
2025-07-24T02:27:36.7392953Z,20.74,2152,,
2025-07-24T02:27:36.7392953Z,20.73,8911,,
2025-07-24T02:27:36.7392953Z,20.73,1852,,
2025-07-24T02:27:36.7392953Z,20.72,14133,,
2025-07-24T02:27:36.7392953Z,20.72,1594,,
2025-07-24T02:27:36.7392953Z,20.71,12611,,
2025-07-24T02:27:36.7392953Z,20.71,1372,,
                                   
2025-07-24T02:27:37.7392953Z,20.77,5740,20.78,8394
2025-07-24T02:27:37.7392953Z,20.77,2500,20.79,2500
2025-07-24T02:27:37.7392953Z,20.76,10000,20.79,4720
2025-07-24T02:27:37.7392953Z,20.76,10071,20.80,2152
2025-07-24T02:27:37.7392953Z,20.76,2152,20.80,4583
2025-07-24T02:27:37.7392953Z,20.75,6065,20.81,1852
2025-07-24T02:27:37.7392953Z,20.75,16988,20.82,1594
2025-07-24T02:27:37.7392953Z,20.75,1852,20.83,1372
2025-07-24T02:27:37.7392953Z,20.74,3679,20.84,1181
2025-07-24T02:27:37.7392953Z,20.74,8262,20.85,1016
                                   
2025-07-24T02:27:38.7392953Z,20.76,19650,20.78,50509
2025-07-24T02:27:38.7392953Z,20.75,18531,20.79,22535
2025-07-24T02:27:38.7392953Z,20.74,11882,20.80,15210
2025-07-24T02:27:38.7392953Z,20.73,5727,20.81,1594
2025-07-24T02:27:38.7392953Z,20.72,11988,20.82,13214
2025-07-24T02:27:38.7392953Z,20.71,10771,20.83,1181
2025-07-24T02:27:38.7392953Z,20.70,3420,20.84,1016
2025-07-24T02:27:38.7392953Z,20.69,2866,20.85,875
2025-07-24T02:27:38.7392953Z,20.68,1067,20.86,753
2025-07-24T02:27:38.7392953Z,20.67,648,20.87,648
                                   
2025-07-24T02:27:39.7392953Z,20.75,155,20.77,4691
2025-07-24T02:27:39.7392953Z,20.75,10712,20.77,2500
2025-07-24T02:27:39.7392953Z,20.74,2152,20.78,22799
2025-07-24T02:27:39.7392953Z,20.74,11110,20.78,2152
2025-07-24T02:27:39.7392953Z,20.73,1852,20.79,22226
2025-07-24T02:27:39.7392953Z,20.73,4133,20.79,1852
2025-07-24T02:27:39.7392953Z,20.72,1594,20.80,11214
2025-07-24T02:27:39.7392953Z,20.72,10616,20.80,1594
2025-07-24T02:27:39.7392953Z,20.71,1372,20.81,2314
2025-07-24T02:27:39.7392953Z,20.71,1353,20.81,1372
                                   
2025-07-24T02:27:40.7392953Z,20.72,349,20.73,2500
2025-07-24T02:27:40.7392953Z,20.71,2500,20.74,16053
2025-07-24T02:27:40.7392953Z,20.71,7954,20.74,2152
2025-07-24T02:27:40.7392953Z,20.70,2152,20.75,16582
2025-07-24T02:27:40.7392953Z,20.70,12404,20.75,1852
2025-07-24T02:27:40.7392953Z,20.69,1852,20.76,7224
2025-07-24T02:27:40.7392953Z,20.69,6065,20.76,1594
2025-07-24T02:27:40.7392953Z,20.68,1594,20.77,1377
2025-07-24T02:27:40.7392953Z,20.68,3679,20.77,1372
2025-07-24T02:27:40.7392953Z,20.67,2231,20.78,19386
                                   
2025-07-24T02:27:41.7392953Z,20.67,8135,20.69,6561
2025-07-24T02:27:41.7392953Z,20.67,601,20.70,2500
2025-07-24T02:27:41.7392953Z,20.67,2152,20.70,6404
2025-07-24T02:27:41.7392953Z,20.66,6065,20.71,2152
2025-07-24T02:27:41.7392953Z,20.66,1852,20.71,590
2025-07-24T02:27:41.7392953Z,20.65,1594,20.72,1852
2025-07-24T02:27:41.7392953Z,20.64,2231,20.72,6151
2025-07-24T02:27:41.7392953Z,20.64,1372,20.73,1594
2025-07-24T02:27:41.7392953Z,20.63,1353,20.73,2561
2025-07-24T02:27:41.7392953Z,20.63,1181,20.74,1372
                                   
2025-07-24T02:27:42.7392953Z,20.66,10484,20.68,2240
2025-07-24T02:27:42.7392953Z,20.66,2500,20.68,16815
2025-07-24T02:27:42.7392953Z,20.65,14084,20.69,2152
2025-07-24T02:27:42.7392953Z,20.65,2152,20.69,26473
2025-07-24T02:27:42.7392953Z,20.64,12212,20.70,1852
2025-07-24T02:27:42.7392953Z,20.64,1852,20.70,17997
2025-07-24T02:27:42.7392953Z,20.63,3679,20.71,1594
2025-07-24T02:27:42.7392953Z,20.63,1594,20.71,1346
2025-07-24T02:27:42.7392953Z,20.62,2231,20.72,1372
2025-07-24T02:27:42.7392953Z,20.62,1372,20.72,6151
                                   
2025-07-24T02:27:43.7392953Z,20.63,6931,20.65,2500
2025-07-24T02:27:43.7392953Z,20.63,2500,20.65,1171
2025-07-24T02:27:43.7392953Z,20.62,1484,20.66,2152
2025-07-24T02:27:43.7392953Z,20.62,12152,20.66,11136
2025-07-24T02:27:43.7392953Z,20.61,7917,20.67,1852
2025-07-24T02:27:43.7392953Z,20.60,5273,20.67,16127
2025-07-24T02:27:43.7392953Z,20.59,3603,20.68,1594
2025-07-24T02:27:43.7392953Z,20.58,2534,20.68,17470
2025-07-24T02:27:43.7392953Z,20.57,1016,20.69,1372
2025-07-24T02:27:43.7392953Z,20.56,875,20.69,13579
                                   
2025-07-24T02:27:44.7392953Z,20.64,3726,20.66,3831
2025-07-24T02:27:44.7392953Z,20.64,2500,20.67,2152
2025-07-24T02:27:44.7392953Z,20.63,10000,20.67,1671
2025-07-24T02:27:44.7392953Z,20.63,622,20.68,1852
2025-07-24T02:27:44.7392953Z,20.63,2152,20.68,16578
2025-07-24T02:27:44.7392953Z,20.62,6065,20.69,1594
2025-07-24T02:27:44.7392953Z,20.62,13552,20.69,7999
2025-07-24T02:27:44.7392953Z,20.62,1852,20.70,1372
2025-07-24T02:27:44.7392953Z,20.61,4852,20.71,1181
2025-07-24T02:27:44.7392953Z,20.61,1594,20.72,1016
                                   
2025-07-24T02:27:45.7392953Z,20.65,3921,20.66,20559
2025-07-24T02:27:45.7392953Z,20.65,2500,20.67,2500
2025-07-24T02:27:45.7392953Z,20.64,10000,20.67,9539
2025-07-24T02:27:45.7392953Z,20.64,15701,20.68,2152
2025-07-24T02:27:45.7392953Z,20.64,2152,20.68,2763
2025-07-24T02:27:45.7392953Z,20.63,14761,20.69,1852
2025-07-24T02:27:45.7392953Z,20.63,1852,20.69,2108
2025-07-24T02:27:45.7392953Z,20.62,12318,20.70,1594
2025-07-24T02:27:45.7392953Z,20.62,1594,20.71,1372
2025-07-24T02:27:45.7392953Z,20.61,2231,20.72,1181
                                   
2025-07-24T02:27:46.7392953Z,20.68,860,20.70,2500
2025-07-24T02:27:46.7392953Z,20.68,2500,20.71,2152
2025-07-24T02:27:46.7392953Z,20.67,10000,20.72,1852
2025-07-24T02:27:46.7392953Z,20.67,2152,20.73,1594
2025-07-24T02:27:46.7392953Z,20.66,6065,20.74,1372
2025-07-24T02:27:46.7392953Z,20.66,24511,20.74,591
2025-07-24T02:27:46.7392953Z,20.66,1852,20.75,1181
2025-07-24T02:27:46.7392953Z,20.65,3679,20.76,1016
2025-07-24T02:27:46.7392953Z,20.65,3220,20.77,875
2025-07-24T02:27:46.7392953Z,20.65,1594,20.77,1377
                                   
2025-07-24T02:27:47.7392953Z,20.75,22377,20.76,282
2025-07-24T02:27:47.7392953Z,20.75,2500,20.77,2500
2025-07-24T02:27:47.7392953Z,20.74,10237,20.78,2152
2025-07-24T02:27:47.7392953Z,20.74,2152,20.78,31112
2025-07-24T02:27:47.7392953Z,20.73,18579,20.79,1852
2025-07-24T02:27:47.7392953Z,20.73,1852,20.80,1594
2025-07-24T02:27:47.7392953Z,20.72,6718,20.81,1372
2025-07-24T02:27:47.7392953Z,20.72,1594,20.82,1181
2025-07-24T02:27:47.7392953Z,20.71,2231,20.83,1016
2025-07-24T02:27:47.7392953Z,20.71,1372,20.84,875
                                   
2025-07-24T02:27:48.7392953Z,20.76,2500,20.77,113
2025-07-24T02:27:48.7392953Z,20.76,12471,20.78,2500
2025-07-24T02:27:48.7392953Z,20.75,2152,20.79,23632
2025-07-24T02:27:48.7392953Z,20.75,24875,20.79,2152
2025-07-24T02:27:48.7392953Z,20.74,1852,20.80,1994
2025-07-24T02:27:48.7392953Z,20.74,4935,20.80,1852
2025-07-24T02:27:48.7392953Z,20.73,1594,20.81,1594
2025-07-24T02:27:48.7392953Z,20.73,8187,20.82,1372
2025-07-24T02:27:48.7392953Z,20.72,1372,20.83,1181
2025-07-24T02:27:48.7392953Z,20.72,4392,20.84,1016
                                   
2025-07-24T02:27:49.7392953Z,20.77,2743,20.78,4392
2025-07-24T02:27:49.7392953Z,20.77,2500,20.79,2500
2025-07-24T02:27:49.7392953Z,20.76,10000,20.79,12599
2025-07-24T02:27:49.7392953Z,20.76,7170,20.80,2152
2025-07-24T02:27:49.7392953Z,20.76,2152,20.80,2744
2025-07-24T02:27:49.7392953Z,20.75,6065,20.81,1852
2025-07-24T02:27:49.7392953Z,20.75,20907,20.81,9040
2025-07-24T02:27:49.7392953Z,20.75,1852,20.82,1594
2025-07-24T02:27:49.7392953Z,20.74,3679,20.83,1372
2025-07-24T02:27:49.7392953Z,20.74,2991,20.84,1181
                                   
2025-07-24T02:27:50.7392953Z,20.71,2500,20.73,2500
2025-07-24T02:27:50.7392953Z,20.70,12152,20.74,188
2025-07-24T02:27:50.7392953Z,20.70,1892,20.74,2152
2025-07-24T02:27:50.7392953Z,20.69,7917,20.75,8695
2025-07-24T02:27:50.7392953Z,20.68,5273,20.75,1852
2025-07-24T02:27:50.7392953Z,20.68,1450,20.76,29860
2025-07-24T02:27:50.7392953Z,20.67,3603,20.76,1594
2025-07-24T02:27:50.7392953Z,20.66,2534,20.77,17517
2025-07-24T02:27:50.7392953Z,20.65,1016,20.77,1372
2025-07-24T02:27:50.7392953Z,20.64,875,20.78,22428
                                   
2025-07-24T02:27:51.7392953Z,20.70,8235,20.71,5019
2025-07-24T02:27:51.7392953Z,20.70,2500,20.72,2500
2025-07-24T02:27:51.7392953Z,20.69,15562,20.72,26316
2025-07-24T02:27:51.7392953Z,20.69,2152,20.73,2152
2025-07-24T02:27:51.7392953Z,20.68,4873,20.73,3940
2025-07-24T02:27:51.7392953Z,20.68,1852,20.74,1852
2025-07-24T02:27:51.7392953Z,20.67,3679,20.74,1718
2025-07-24T02:27:51.7392953Z,20.67,1594,20.75,1594
2025-07-24T02:27:51.7392953Z,20.66,2231,20.75,2307
2025-07-24T02:27:51.7392953Z,20.66,1372,20.76,1372
                                   
2025-07-24T02:27:52.7392953Z,20.69,2500,20.71,4150
2025-07-24T02:27:52.7392953Z,20.69,11558,20.71,2500
2025-07-24T02:27:52.7392953Z,20.68,2152,20.72,38244
2025-07-24T02:27:52.7392953Z,20.68,24029,20.72,2152
2025-07-24T02:27:52.7392953Z,20.67,1852,20.73,12619
2025-07-24T02:27:52.7392953Z,20.67,4971,20.73,1852
2025-07-24T02:27:52.7392953Z,20.66,1594,20.74,3730
2025-07-24T02:27:52.7392953Z,20.66,2231,20.74,1594
2025-07-24T02:27:52.7392953Z,20.65,1372,20.75,1439
2025-07-24T02:27:52.7392953Z,20.64,1181,20.75,1372
                                   
2025-07-24T02:27:53.7392953Z,20.68,31404,20.70,2500
2025-07-24T02:27:53.7392953Z,20.68,2500,20.70,23067
2025-07-24T02:27:53.7392953Z,20.67,7561,20.71,2152
2025-07-24T02:27:53.7392953Z,20.67,2152,20.71,5558
2025-07-24T02:27:53.7392953Z,20.66,1852,20.72,1852
2025-07-24T02:27:53.7392953Z,20.65,75,20.72,26154
2025-07-24T02:27:53.7392953Z,20.65,1594,20.73,1594
2025-07-24T02:27:53.7392953Z,20.64,1372,20.73,21269
2025-07-24T02:27:53.7392953Z,20.63,1181,20.74,1372
2025-07-24T02:27:53.7392953Z,20.62,2319,20.74,1628
                                   
2025-07-24T02:27:54.7392953Z,20.67,3941,20.68,680
2025-07-24T02:27:54.7392953Z,20.67,2500,20.69,2500
2025-07-24T02:27:54.7392953Z,20.66,3885,20.69,8708
2025-07-24T02:27:54.7392953Z,20.66,2152,20.70,2152
2025-07-24T02:27:54.7392953Z,20.65,3578,20.70,8635
2025-07-24T02:27:54.7392953Z,20.65,1852,20.71,1852
2025-07-24T02:27:54.7392953Z,20.64,1594,20.71,33186
2025-07-24T02:27:54.7392953Z,20.62,2319,20.72,1594
2025-07-24T02:27:54.7392953Z,20.62,1181,20.72,25373
2025-07-24T02:27:54.7392953Z,20.61,1016,20.73,1372
                                   
2025-07-24T02:27:55.7392953Z,20.67,2500,20.69,544
2025-07-24T02:27:55.7392953Z,20.66,3822,20.70,2152
2025-07-24T02:27:55.7392953Z,20.66,2152,20.70,10929
2025-07-24T02:27:55.7392953Z,20.65,5682,20.71,1852
2025-07-24T02:27:55.7392953Z,20.65,1852,20.71,3181
2025-07-24T02:27:55.7392953Z,20.64,30070,20.72,1594
2025-07-24T02:27:55.7392953Z,20.64,1594,20.72,24460
2025-07-24T02:27:55.7392953Z,20.63,5445,20.73,1372
2025-07-24T02:27:55.7392953Z,20.63,1372,20.73,11589
2025-07-24T02:27:55.7392953Z,20.62,2756,20.74,1181
                                   
2025-07-24T02:27:56.7392953Z,20.65,2972,20.67,1168
2025-07-24T02:27:56.7392953Z,20.64,27998,20.68,14104
2025-07-24T02:27:56.7392953Z,20.63,1852,20.69,5888
2025-07-24T02:27:56.7392953Z,20.62,2031,20.70,20033
2025-07-24T02:27:56.7392953Z,20.61,1372,20.71,3956
2025-07-24T02:27:56.7392953Z,20.60,1181,20.72,27759
2025-07-24T02:27:56.7392953Z,20.59,1016,20.73,1392
2025-07-24T02:27:56.7392953Z,20.58,875,20.74,875
2025-07-24T02:27:56.7392953Z,20.57,753,20.75,753
2025-07-24T02:27:56.7392953Z,20.56,648,20.76,648
                                   
2025-07-24T02:27:57.7392953Z,20.64,8583,20.65,14199
2025-07-24T02:27:57.7392953Z,20.64,2500,20.66,2500
2025-07-24T02:27:57.7392953Z,20.63,1038,20.66,11942
2025-07-24T02:27:57.7392953Z,20.63,2152,20.67,2152
2025-07-24T02:27:57.7392953Z,20.62,3958,20.67,6190
2025-07-24T02:27:57.7392953Z,20.62,1852,20.68,1852
2025-07-24T02:27:57.7392953Z,20.61,1594,20.68,11952
2025-07-24T02:27:57.7392953Z,20.60,1372,20.69,1594
2025-07-24T02:27:57.7392953Z,20.59,1181,20.69,28119
2025-07-24T02:27:57.7392953Z,20.58,1016,20.70,1372
                                   
2025-07-24T02:27:58.7392953Z,20.61,1973,20.62,1347
2025-07-24T02:27:58.7392953Z,20.61,2500,20.63,2500
2025-07-24T02:27:58.7392953Z,20.60,4481,20.63,255
2025-07-24T02:27:58.7392953Z,20.60,2152,20.64,2152
2025-07-24T02:27:58.7392953Z,20.59,1852,20.64,3878
2025-07-24T02:27:58.7392953Z,20.58,1594,20.65,1852
2025-07-24T02:27:58.7392953Z,20.57,1372,20.65,2350
2025-07-24T02:27:58.7392953Z,20.56,1181,20.66,1594
2025-07-24T02:27:58.7392953Z,20.55,1016,20.66,18830
2025-07-24T02:27:58.7392953Z,20.54,875,20.67,1372
                                   
2025-07-24T02:27:59.7392953Z,20.56,2500,20.58,2881
2025-07-24T02:27:59.7392953Z,20.56,222,20.58,2500
2025-07-24T02:27:59.7392953Z,20.55,2152,20.59,3585
2025-07-24T02:27:59.7392953Z,20.55,181,20.59,2152
2025-07-24T02:27:59.7392953Z,20.54,1852,20.60,8837
2025-07-24T02:27:59.7392953Z,20.54,980,20.60,1852
2025-07-24T02:27:59.7392953Z,20.53,1594,20.61,1594
2025-07-24T02:27:59.7392953Z,20.52,1372,20.62,313
2025-07-24T02:27:59.7392953Z,20.51,1181,20.62,1372
2025-07-24T02:27:59.7392953Z,20.50,1016,20.63,1347
                                   
2025-07-24T02:28:00.7392953Z,20.49,2385,20.51,2500
2025-07-24T02:28:00.7392953Z,20.48,2152,20.52,2152
2025-07-24T02:28:00.7392953Z,20.47,1852,20.52,2007
2025-07-24T02:28:00.7392953Z,20.46,1594,20.53,1852
2025-07-24T02:28:00.7392953Z,20.45,1372,20.53,188
2025-07-24T02:28:00.7392953Z,20.44,1181,20.54,1594
2025-07-24T02:28:00.7392953Z,20.43,1016,20.54,1903
2025-07-24T02:28:00.7392953Z,20.42,875,20.55,1372
2025-07-24T02:28:00.7392953Z,20.41,753,20.56,1181
2025-07-24T02:28:00.7392953Z,20.40,648,20.56,884
                                   
2025-07-24T02:28:01.7392953Z,20.43,2330,20.45,12396
2025-07-24T02:28:01.7392953Z,20.43,823,20.45,2500
2025-07-24T02:28:01.7392953Z,20.42,2152,20.46,5284
2025-07-24T02:28:01.7392953Z,20.42,2661,20.46,2152
2025-07-24T02:28:01.7392953Z,20.41,1852,20.47,323
2025-07-24T02:28:01.7392953Z,20.40,1594,20.47,1852
2025-07-24T02:28:01.7392953Z,20.39,1372,20.48,8631
2025-07-24T02:28:01.7392953Z,20.38,1181,20.48,1594
2025-07-24T02:28:01.7392953Z,20.37,1016,20.49,1571
2025-07-24T02:28:01.7392953Z,20.36,875,20.49,1372
                                   
2025-07-24T02:28:02.7392953Z,20.34,3137,20.35,2375
2025-07-24T02:28:02.7392953Z,20.34,2500,20.36,2500
2025-07-24T02:28:02.7392953Z,20.33,284,20.36,7645
2025-07-24T02:28:02.7392953Z,20.33,2152,20.37,2152
2025-07-24T02:28:02.7392953Z,20.32,5356,20.37,240
2025-07-24T02:28:02.7392953Z,20.32,1852,20.38,1852
2025-07-24T02:28:02.7392953Z,20.31,2462,20.38,1604
2025-07-24T02:28:02.7392953Z,20.31,1594,20.39,1594
2025-07-24T02:28:02.7392953Z,20.30,1372,20.40,1372
2025-07-24T02:28:02.7392953Z,20.29,1181,20.40,378
                                   
2025-07-24T02:28:03.7392953Z,20.28,1903,20.29,23342
2025-07-24T02:28:03.7392953Z,20.28,2500,20.30,2500
2025-07-24T02:28:03.7392953Z,20.27,4036,20.31,2152
2025-07-24T02:28:03.7392953Z,20.27,2152,20.31,204
2025-07-24T02:28:03.7392953Z,20.26,2989,20.32,1852
2025-07-24T02:28:03.7392953Z,20.26,1852,20.33,1594
2025-07-24T02:28:03.7392953Z,20.25,1594,20.33,6554
2025-07-24T02:28:03.7392953Z,20.24,1372,20.34,1372
2025-07-24T02:28:03.7392953Z,20.23,1181,20.34,4146
2025-07-24T02:28:03.7392953Z,20.22,1016,20.35,1181
                                   
2025-07-24T02:28:04.7392953Z,,,20.17,16140
2025-07-24T02:28:04.7392953Z,,,20.18,13590
2025-07-24T02:28:04.7392953Z,,,20.19,31734
2025-07-24T02:28:04.7392953Z,,,20.20,3546
2025-07-24T02:28:04.7392953Z,,,20.21,2125
2025-07-24T02:28:04.7392953Z,,,20.22,3910
2025-07-24T02:28:04.7392953Z,,,20.23,1016
2025-07-24T02:28:04.7392953Z,,,20.24,875
2025-07-24T02:28:04.7392953Z,,,20.25,22345
2025-07-24T02:28:04.7392953Z,,,20.26,4846
                                   
2025-07-24T02:28:05.7392953Z,20.02,2500,20.04,3130
2025-07-24T02:28:05.7392953Z,20.01,2152,20.04,2500
2025-07-24T02:28:05.7392953Z,20.00,1852,20.05,1579
2025-07-24T02:28:05.7392953Z,19.99,1594,20.05,2152
2025-07-24T02:28:05.7392953Z,19.98,1372,20.06,1338
2025-07-24T02:28:05.7392953Z,19.97,1181,20.06,1852
2025-07-24T02:28:05.7392953Z,19.96,1016,20.07,5089
2025-07-24T02:28:05.7392953Z,19.95,875,20.07,1594
2025-07-24T02:28:05.7392953Z,19.94,753,20.08,12125
2025-07-24T02:28:05.7392953Z,19.93,648,20.08,1372
                                   
2025-07-24T02:28:06.7392953Z,20.04,28812,20.06,6491
2025-07-24T02:28:06.7392953Z,20.03,24244,20.07,12725
2025-07-24T02:28:06.7392953Z,20.02,2458,20.08,7513
2025-07-24T02:28:06.7392953Z,20.01,22091,20.09,6443
2025-07-24T02:28:06.7392953Z,20.00,1372,20.10,7472
2025-07-24T02:28:06.7392953Z,19.99,1181,20.11,1181
2025-07-24T02:28:06.7392953Z,19.98,1016,20.12,8738
2025-07-24T02:28:06.7392953Z,19.97,875,20.13,3971
2025-07-24T02:28:06.7392953Z,19.96,753,20.14,1948
2025-07-24T02:28:06.7392953Z,19.95,648,20.15,989
                                   
2025-07-24T02:28:07.7392953Z,20.05,4165,20.06,10791
2025-07-24T02:28:07.7392953Z,20.05,2500,20.07,2500
2025-07-24T02:28:07.7392953Z,20.04,6910,20.07,3298
2025-07-24T02:28:07.7392953Z,20.04,2152,20.08,2152
2025-07-24T02:28:07.7392953Z,20.03,17711,20.08,3127
2025-07-24T02:28:07.7392953Z,20.03,1852,20.09,1852
2025-07-24T02:28:07.7392953Z,20.02,1594,20.09,2857
2025-07-24T02:28:07.7392953Z,20.01,17059,20.10,1594
2025-07-24T02:28:07.7392953Z,20.01,1372,20.10,3228
2025-07-24T02:28:07.7392953Z,20.00,1181,20.11,1372
                                   
2025-07-24T02:28:08.7392953Z,20.02,3730,20.03,5716
2025-07-24T02:28:08.7392953Z,20.02,2500,20.04,2500
2025-07-24T02:28:08.7392953Z,20.01,116,20.04,885
2025-07-24T02:28:08.7392953Z,20.01,2152,20.05,2152
2025-07-24T02:28:08.7392953Z,20.00,1852,20.05,4817
2025-07-24T02:28:08.7392953Z,19.99,228,20.06,1852
2025-07-24T02:28:08.7392953Z,19.99,1594,20.06,12076
2025-07-24T02:28:08.7392953Z,19.98,1372,20.07,1594
2025-07-24T02:28:08.7392953Z,19.97,1181,20.07,10063
2025-07-24T02:28:08.7392953Z,19.96,1016,20.08,1372
                                   
2025-07-24T02:28:09.7392953Z,19.99,3772,20.01,2500
2025-07-24T02:28:09.7392953Z,19.99,2500,20.01,6944
2025-07-24T02:28:09.7392953Z,19.98,2152,20.02,2152
2025-07-24T02:28:09.7392953Z,19.97,734,20.02,8162
2025-07-24T02:28:09.7392953Z,19.97,1852,20.03,1852
2025-07-24T02:28:09.7392953Z,19.96,1594,20.03,11436
2025-07-24T02:28:09.7392953Z,19.95,1372,20.04,1594
2025-07-24T02:28:09.7392953Z,19.94,1181,20.04,4746
2025-07-24T02:28:09.7392953Z,19.93,1016,20.05,1372
2025-07-24T02:28:09.7392953Z,19.92,875,20.05,4537
                                   
2025-07-24T02:28:10.7392953Z,19.93,2286,19.95,2500
2025-07-24T02:28:10.7392953Z,19.92,2152,19.95,19487
2025-07-24T02:28:10.7392953Z,19.91,1852,19.96,2152
2025-07-24T02:28:10.7392953Z,19.90,1594,19.96,10440
2025-07-24T02:28:10.7392953Z,19.89,1372,19.97,1852
2025-07-24T02:28:10.7392953Z,19.88,1181,19.97,636
2025-07-24T02:28:10.7392953Z,19.87,1016,19.98,1594
2025-07-24T02:28:10.7392953Z,19.86,875,19.98,3150
2025-07-24T02:28:10.7392953Z,19.85,753,19.99,1372
2025-07-24T02:28:10.7392953Z,19.84,648,19.99,383
                                   
2025-07-24T02:28:11.7392953Z,19.76,6696,19.78,628
2025-07-24T02:28:11.7392953Z,19.76,2500,19.79,2152
2025-07-24T02:28:11.7392953Z,19.75,2152,19.79,109
2025-07-24T02:28:11.7392953Z,19.74,1852,19.80,1852
2025-07-24T02:28:11.7392953Z,19.73,1594,19.80,3889
2025-07-24T02:28:11.7392953Z,19.72,1372,19.81,1594
2025-07-24T02:28:11.7392953Z,19.71,1181,19.81,1592
2025-07-24T02:28:11.7392953Z,19.70,1016,19.82,1372
2025-07-24T02:28:11.7392953Z,19.69,875,19.83,1181
2025-07-24T02:28:11.7392953Z,19.68,753,19.84,1016
                                   
2025-07-24T02:28:12.7392953Z,19.74,2500,19.76,4336
2025-07-24T02:28:12.7392953Z,19.73,2152,19.77,2152
2025-07-24T02:28:12.7392953Z,19.72,4556,19.78,12168
2025-07-24T02:28:12.7392953Z,19.71,1594,19.79,1594
2025-07-24T02:28:12.7392953Z,19.70,1372,19.80,13143
2025-07-24T02:28:12.7392953Z,19.69,1181,19.81,2773
2025-07-24T02:28:12.7392953Z,19.68,1016,19.82,1016
2025-07-24T02:28:12.7392953Z,19.67,875,19.83,875
2025-07-24T02:28:12.7392953Z,19.66,753,19.84,9600
2025-07-24T02:28:12.7392953Z,19.65,648,19.85,1103
                                   
2025-07-24T02:28:13.7392953Z,19.78,21012,19.80,18980
2025-07-24T02:28:13.7392953Z,19.77,2152,19.80,2500
2025-07-24T02:28:13.7392953Z,19.77,3384,19.81,3203
2025-07-24T02:28:13.7392953Z,19.76,1852,19.81,2152
2025-07-24T02:28:13.7392953Z,19.76,4835,19.82,1852
2025-07-24T02:28:13.7392953Z,19.75,1594,19.83,1594
2025-07-24T02:28:13.7392953Z,19.75,5636,19.84,8660
2025-07-24T02:28:13.7392953Z,19.74,1372,19.84,1372
2025-07-24T02:28:13.7392953Z,19.74,2837,19.85,302
2025-07-24T02:28:13.7392953Z,19.73,1181,19.85,1181
                                   
2025-07-24T02:28:14.7392953Z,19.78,2500,19.80,1679
2025-07-24T02:28:14.7392953Z,19.77,8572,19.80,50997
2025-07-24T02:28:14.7392953Z,19.77,2152,19.81,2152
2025-07-24T02:28:14.7392953Z,19.76,5333,19.81,4451
2025-07-24T02:28:14.7392953Z,19.76,1852,19.82,1852
2025-07-24T02:28:14.7392953Z,19.75,5636,19.82,4243
2025-07-24T02:28:14.7392953Z,19.75,1594,19.83,1594
2025-07-24T02:28:14.7392953Z,19.74,2837,19.84,1372
2025-07-24T02:28:14.7392953Z,19.74,1372,19.84,8660
2025-07-24T02:28:14.7392953Z,19.73,1181,19.85,1181
                                   
2025-07-24T02:28:15.7392953Z,19.77,3764,19.78,7924
2025-07-24T02:28:15.7392953Z,19.77,2500,19.79,2500
2025-07-24T02:28:15.7392953Z,19.76,4925,19.79,3000
2025-07-24T02:28:15.7392953Z,19.76,2152,19.80,2152
2025-07-24T02:28:15.7392953Z,19.75,20667,19.80,46868
2025-07-24T02:28:15.7392953Z,19.75,1852,19.81,1852
2025-07-24T02:28:15.7392953Z,19.74,2837,19.81,15296
2025-07-24T02:28:15.7392953Z,19.74,1594,19.82,1594
2025-07-24T02:28:15.7392953Z,19.73,1372,19.82,15819
2025-07-24T02:28:15.7392953Z,19.72,1181,19.83,1372
                                   
2025-07-24T02:28:16.7392953Z,19.75,104,19.76,7660
2025-07-24T02:28:16.7392953Z,19.75,2500,19.77,2500
2025-07-24T02:28:16.7392953Z,19.74,389,19.77,5702
2025-07-24T02:28:16.7392953Z,19.74,2152,19.78,2152
2025-07-24T02:28:16.7392953Z,19.73,1852,19.78,10919
2025-07-24T02:28:16.7392953Z,19.72,1594,19.79,1852
2025-07-24T02:28:16.7392953Z,19.71,1372,19.79,5067
2025-07-24T02:28:16.7392953Z,19.70,1181,19.80,1594
2025-07-24T02:28:16.7392953Z,19.69,1016,19.80,6000
2025-07-24T02:28:16.7392953Z,19.68,875,19.81,1372
                                   
2025-07-24T02:28:17.7392953Z,19.71,3689,19.73,2238
2025-07-24T02:28:17.7392953Z,19.71,2500,19.73,1852
2025-07-24T02:28:17.7392953Z,19.70,957,19.74,2152
2025-07-24T02:28:17.7392953Z,19.70,2152,19.74,376
2025-07-24T02:28:17.7392953Z,19.69,2850,19.75,1852
2025-07-24T02:28:17.7392953Z,19.69,1852,19.75,2889
2025-07-24T02:28:17.7392953Z,19.68,1594,19.76,1594
2025-07-24T02:28:17.7392953Z,19.67,1372,19.77,1372
2025-07-24T02:28:17.7392953Z,19.66,1181,19.77,1544
2025-07-24T02:28:17.7392953Z,19.65,1016,19.78,1181
                                   
2025-07-24T02:28:18.7392953Z,19.72,74,19.74,710
2025-07-24T02:28:18.7392953Z,19.72,4594,19.74,2500
2025-07-24T02:28:18.7392953Z,19.71,2152,19.75,7334
2025-07-24T02:28:18.7392953Z,19.71,28178,19.75,2152
2025-07-24T02:28:18.7392953Z,19.70,1852,19.76,785
2025-07-24T02:28:18.7392953Z,19.70,5114,19.76,1852
2025-07-24T02:28:18.7392953Z,19.69,1594,19.77,1594
2025-07-24T02:28:18.7392953Z,19.69,1459,19.78,1532
2025-07-24T02:28:18.7392953Z,19.68,1372,19.78,1372
2025-07-24T02:28:18.7392953Z,19.67,1181,19.79,911
                                   
2025-07-24T02:28:19.7392953Z,19.70,2500,19.72,1717
2025-07-24T02:28:19.7392953Z,19.70,2315,19.72,2500
2025-07-24T02:28:19.7392953Z,19.69,2152,19.73,5456
2025-07-24T02:28:19.7392953Z,19.69,4087,19.73,2152
2025-07-24T02:28:19.7392953Z,19.68,1852,19.74,7337
2025-07-24T02:28:19.7392953Z,19.68,451,19.74,1852
2025-07-24T02:28:19.7392953Z,19.67,1594,19.75,20668
2025-07-24T02:28:19.7392953Z,19.66,1372,19.75,1594
2025-07-24T02:28:19.7392953Z,19.65,1181,19.76,6620
2025-07-24T02:28:19.7392953Z,19.64,1016,19.76,1372
                                   
2025-07-24T02:28:20.7392953Z,19.72,2358,19.74,2310
2025-07-24T02:28:20.7392953Z,19.72,4544,19.74,2500
2025-07-24T02:28:20.7392953Z,19.71,2152,19.75,16704
2025-07-24T02:28:20.7392953Z,19.71,36017,19.75,2152
2025-07-24T02:28:20.7392953Z,19.70,1852,19.76,1852
2025-07-24T02:28:20.7392953Z,19.70,10434,19.77,1594
2025-07-24T02:28:20.7392953Z,19.69,1594,19.78,554
2025-07-24T02:28:20.7392953Z,19.69,4672,19.78,1372
2025-07-24T02:28:20.7392953Z,19.68,1372,19.79,1181
2025-07-24T02:28:20.7392953Z,19.68,451,19.80,1016
                                   
2025-07-24T02:28:21.7392953Z,19.73,3891,19.75,17247
2025-07-24T02:28:21.7392953Z,19.72,6340,19.76,4944
2025-07-24T02:28:21.7392953Z,19.71,35221,19.77,6444
2025-07-24T02:28:21.7392953Z,19.70,11086,19.78,2148
2025-07-24T02:28:21.7392953Z,19.69,8184,19.79,1372
2025-07-24T02:28:21.7392953Z,19.68,1632,19.80,1181
2025-07-24T02:28:21.7392953Z,19.67,1016,19.81,1016
2025-07-24T02:28:21.7392953Z,19.66,875,19.82,875
2025-07-24T02:28:21.7392953Z,19.65,753,19.83,753
2025-07-24T02:28:21.7392953Z,19.64,648,19.84,648
                                   
2025-07-24T02:28:22.7392953Z,19.71,31823,19.72,9551
2025-07-24T02:28:22.7392953Z,19.71,2500,19.73,2500
2025-07-24T02:28:22.7392953Z,19.70,7248,19.73,11026
2025-07-24T02:28:22.7392953Z,19.70,2152,19.74,2152
2025-07-24T02:28:22.7392953Z,19.69,8769,19.74,34263
2025-07-24T02:28:22.7392953Z,19.69,1852,19.75,1852
2025-07-24T02:28:22.7392953Z,19.68,1198,19.75,4059
2025-07-24T02:28:22.7392953Z,19.68,1594,19.76,1594
2025-07-24T02:28:22.7392953Z,19.67,1372,19.76,781
2025-07-24T02:28:22.7392953Z,19.66,1181,19.77,1372
                                   
2025-07-24T02:28:23.7392953Z,19.69,4005,19.71,8203
2025-07-24T02:28:23.7392953Z,19.68,2699,19.72,16755
2025-07-24T02:28:23.7392953Z,19.67,1852,19.73,11920
2025-07-24T02:28:23.7392953Z,19.66,1594,19.74,10671
2025-07-24T02:28:23.7392953Z,19.65,1372,19.75,1372
2025-07-24T02:28:23.7392953Z,19.64,1181,19.76,1181
2025-07-24T02:28:23.7392953Z,19.63,1016,19.77,1016
2025-07-24T02:28:23.7392953Z,19.62,875,19.78,1429
2025-07-24T02:28:23.7392953Z,19.61,753,19.79,753
2025-07-24T02:28:23.7392953Z,19.60,648,19.80,648
                                   
2025-07-24T02:28:24.7392953Z,19.61,2500,19.63,1911
2025-07-24T02:28:24.7392953Z,19.61,1851,19.64,3472
2025-07-24T02:28:24.7392953Z,19.60,2152,19.64,2152
2025-07-24T02:28:24.7392953Z,19.60,8083,19.65,1852
2025-07-24T02:28:24.7392953Z,19.59,1852,19.66,1594
2025-07-24T02:28:24.7392953Z,19.59,14055,19.67,189
2025-07-24T02:28:24.7392953Z,19.58,1594,19.67,1372
2025-07-24T02:28:24.7392953Z,19.58,671,19.68,672
2025-07-24T02:28:24.7392953Z,19.57,1372,19.68,1181
2025-07-24T02:28:24.7392953Z,19.56,1181,19.69,3103
                                   
2025-07-24T02:28:25.7392953Z,19.57,2217,19.59,1342
2025-07-24T02:28:25.7392953Z,19.57,827,19.59,2500
2025-07-24T02:28:25.7392953Z,19.56,2152,19.60,5816
2025-07-24T02:28:25.7392953Z,19.55,1852,19.60,2152
2025-07-24T02:28:25.7392953Z,19.54,1594,19.61,5926
2025-07-24T02:28:25.7392953Z,19.53,1372,19.61,1852
2025-07-24T02:28:25.7392953Z,19.51,1016,19.62,6328
2025-07-24T02:28:25.7392953Z,19.50,875,19.62,1594
2025-07-24T02:28:25.7392953Z,19.49,753,19.63,6857
2025-07-24T02:28:25.7392953Z,19.48,648,19.63,1372
                                   
2025-07-24T02:28:26.7392953Z,19.44,2427,19.45,2621
2025-07-24T02:28:26.7392953Z,19.44,2500,19.46,2500
2025-07-24T02:28:26.7392953Z,19.43,2145,19.46,11110
2025-07-24T02:28:26.7392953Z,19.43,2152,19.47,2152
2025-07-24T02:28:26.7392953Z,19.42,1852,19.47,4569
2025-07-24T02:28:26.7392953Z,19.41,1594,19.48,1852
2025-07-24T02:28:26.7392953Z,19.40,1372,19.48,2620
2025-07-24T02:28:26.7392953Z,19.39,1181,19.49,1594
2025-07-24T02:28:26.7392953Z,19.38,1016,19.49,766
2025-07-24T02:28:26.7392953Z,19.37,875,19.50,1372
                                   
2025-07-24T02:28:27.7392953Z,19.39,269,19.40,8932
2025-07-24T02:28:27.7392953Z,19.39,2500,19.41,2500
2025-07-24T02:28:27.7392953Z,19.38,687,19.41,23192
2025-07-24T02:28:27.7392953Z,19.38,2152,19.42,2152
2025-07-24T02:28:27.7392953Z,19.37,1852,19.42,9775
2025-07-24T02:28:27.7392953Z,19.36,1594,19.43,1852
2025-07-24T02:28:27.7392953Z,19.35,1372,19.43,19878
2025-07-24T02:28:27.7392953Z,19.34,1181,19.44,1594
2025-07-24T02:28:27.7392953Z,19.33,1016,19.45,1372
2025-07-24T02:28:27.7392953Z,19.32,875,19.45,1541
                                   
2025-07-24T02:28:28.7392953Z,19.32,4965,19.33,5881
2025-07-24T02:28:28.7392953Z,19.32,2500,19.34,2500
2025-07-24T02:28:28.7392953Z,19.31,13005,19.34,5250
2025-07-24T02:28:28.7392953Z,19.31,2152,19.35,2152
2025-07-24T02:28:28.7392953Z,19.30,2569,19.35,13323
2025-07-24T02:28:28.7392953Z,19.30,1852,19.36,1852
2025-07-24T02:28:28.7392953Z,19.29,1594,19.36,11856
2025-07-24T02:28:28.7392953Z,19.28,1372,19.37,1594
2025-07-24T02:28:28.7392953Z,19.27,1181,19.37,179
2025-07-24T02:28:28.7392953Z,19.26,1016,19.38,1372
                                   
2025-07-24T02:28:29.7392953Z,19.31,4579,19.32,33868
2025-07-24T02:28:29.7392953Z,19.31,2500,19.33,2500
2025-07-24T02:28:29.7392953Z,19.30,4114,19.33,7704
2025-07-24T02:28:29.7392953Z,19.30,2152,19.34,2152
2025-07-24T02:28:29.7392953Z,19.29,1360,19.34,20848
2025-07-24T02:28:29.7392953Z,19.29,1852,19.35,1852
2025-07-24T02:28:29.7392953Z,19.28,1594,19.35,14771
2025-07-24T02:28:29.7392953Z,19.27,1372,19.36,1594
2025-07-24T02:28:29.7392953Z,19.26,1181,19.36,11856
2025-07-24T02:28:29.7392953Z,19.25,1016,19.37,1372
                                   
2025-07-24T02:28:30.7392953Z,19.30,6479,19.31,2666
2025-07-24T02:28:30.7392953Z,19.30,2500,19.32,2500
2025-07-24T02:28:30.7392953Z,19.29,13597,19.32,35498
2025-07-24T02:28:30.7392953Z,19.29,2152,19.33,2152
2025-07-24T02:28:30.7392953Z,19.28,1852,19.33,7430
2025-07-24T02:28:30.7392953Z,19.27,1504,19.34,1852
2025-07-24T02:28:30.7392953Z,19.27,1594,19.34,10061
2025-07-24T02:28:30.7392953Z,19.26,1731,19.35,1594
2025-07-24T02:28:30.7392953Z,19.26,1372,19.35,9517
2025-07-24T02:28:30.7392953Z,19.25,1181,19.36,1372
                                   
2025-07-24T02:28:31.7392953Z,19.30,4557,19.31,7474
2025-07-24T02:28:31.7392953Z,19.29,16999,19.32,28567
2025-07-24T02:28:31.7392953Z,19.28,2389,19.33,10332
2025-07-24T02:28:31.7392953Z,19.27,1594,19.34,8214
2025-07-24T02:28:31.7392953Z,19.26,3103,19.35,3733
2025-07-24T02:28:31.7392953Z,19.25,1181,19.36,13228
2025-07-24T02:28:31.7392953Z,19.24,1016,19.37,4870
2025-07-24T02:28:31.7392953Z,19.23,875,19.38,3841
2025-07-24T02:28:31.7392953Z,19.22,753,19.39,875
2025-07-24T02:28:31.7392953Z,19.21,648,19.40,753
                                   
2025-07-24T02:28:32.7392953Z,19.32,800,19.33,4579
2025-07-24T02:28:32.7392953Z,19.31,2500,19.33,2500
2025-07-24T02:28:32.7392953Z,19.31,1907,19.34,4849
2025-07-24T02:28:32.7392953Z,19.30,2152,19.34,2152
2025-07-24T02:28:32.7392953Z,19.30,1759,19.35,2139
2025-07-24T02:28:32.7392953Z,19.29,1852,19.35,1852
2025-07-24T02:28:32.7392953Z,19.29,1694,19.36,1594
2025-07-24T02:28:32.7392953Z,19.28,1594,19.37,1372
2025-07-24T02:28:32.7392953Z,19.28,6733,19.38,2825
2025-07-24T02:28:32.7392953Z,19.27,1372,19.38,1181
                                   
2025-07-24T02:28:33.7392953Z,19.35,3994,19.36,838
2025-07-24T02:28:33.7392953Z,19.35,2500,19.37,2500
2025-07-24T02:28:33.7392953Z,19.34,13635,19.37,10466
2025-07-24T02:28:33.7392953Z,19.34,2152,19.38,2152
2025-07-24T02:28:33.7392953Z,19.33,8343,19.38,4922
2025-07-24T02:28:33.7392953Z,19.33,1852,19.39,1852
2025-07-24T02:28:33.7392953Z,19.32,4901,19.39,1834
2025-07-24T02:28:33.7392953Z,19.32,1594,19.40,1594
2025-07-24T02:28:33.7392953Z,19.31,2231,19.41,1372
2025-07-24T02:28:33.7392953Z,19.31,1372,19.42,1181
                                   
2025-07-24T02:28:34.7392953Z,19.33,14947,19.34,8027
2025-07-24T02:28:34.7392953Z,19.33,2500,19.35,2500
2025-07-24T02:28:34.7392953Z,19.32,20671,19.35,7275
2025-07-24T02:28:34.7392953Z,19.32,2152,19.36,2152
2025-07-24T02:28:34.7392953Z,19.31,8032,19.36,881
2025-07-24T02:28:34.7392953Z,19.31,1852,19.37,1852
2025-07-24T02:28:34.7392953Z,19.30,4148,19.37,5977
2025-07-24T02:28:34.7392953Z,19.30,1594,19.38,1594
2025-07-24T02:28:34.7392953Z,19.29,2231,19.38,1141
2025-07-24T02:28:34.7392953Z,19.29,1372,19.39,1372
                                   
2025-07-24T02:28:35.7392953Z,19.36,4154,19.37,13614
2025-07-24T02:28:35.7392953Z,19.36,2500,19.38,2500
2025-07-24T02:28:35.7392953Z,19.35,10000,19.38,1141
2025-07-24T02:28:35.7392953Z,19.35,2152,19.39,2152
2025-07-24T02:28:35.7392953Z,19.34,8046,19.39,4610
2025-07-24T02:28:35.7392953Z,19.34,1852,19.40,1852
2025-07-24T02:28:35.7392953Z,19.33,11680,19.41,1594
2025-07-24T02:28:35.7392953Z,19.33,1594,19.42,1372
2025-07-24T02:28:35.7392953Z,19.32,14109,19.43,1181
2025-07-24T02:28:35.7392953Z,19.32,1372,19.44,1016
                                   
2025-07-24T02:28:36.7392953Z,19.32,12083,19.34,3780
2025-07-24T02:28:36.7392953Z,19.31,12152,19.35,5936
2025-07-24T02:28:36.7392953Z,19.30,7917,19.36,9523
2025-07-24T02:28:36.7392953Z,19.29,5273,19.37,13954
2025-07-24T02:28:36.7392953Z,19.28,3603,19.38,3887
2025-07-24T02:28:36.7392953Z,19.27,2534,19.39,10103
2025-07-24T02:28:36.7392953Z,19.26,1016,19.40,1016
2025-07-24T02:28:36.7392953Z,19.25,875,19.41,2024
2025-07-24T02:28:36.7392953Z,19.24,753,19.42,753
2025-07-24T02:28:36.7392953Z,19.23,648,19.43,648
                                   
2025-07-24T02:28:37.7392953Z,19.30,4167,19.32,7009
2025-07-24T02:28:37.7392953Z,19.29,18495,19.33,21238
2025-07-24T02:28:37.7392953Z,19.28,7917,19.34,19465
2025-07-24T02:28:37.7392953Z,19.27,5273,19.35,1594
2025-07-24T02:28:37.7392953Z,19.26,3603,19.36,8868
2025-07-24T02:28:37.7392953Z,19.25,2534,19.37,13541
2025-07-24T02:28:37.7392953Z,19.24,1016,19.38,3531
2025-07-24T02:28:37.7392953Z,19.23,875,19.39,5980
2025-07-24T02:28:37.7392953Z,19.22,753,19.40,753
2025-07-24T02:28:37.7392953Z,19.21,648,19.41,648
                                   
2025-07-24T02:28:38.7392953Z,19.30,3370,19.32,2874
2025-07-24T02:28:38.7392953Z,19.29,29234,19.33,17718
2025-07-24T02:28:38.7392953Z,19.28,9731,19.34,6649
2025-07-24T02:28:38.7392953Z,19.27,5273,19.35,1594
2025-07-24T02:28:38.7392953Z,19.26,1372,19.36,8868
2025-07-24T02:28:38.7392953Z,19.25,2534,19.37,10785
2025-07-24T02:28:38.7392953Z,19.24,1016,19.38,2707
2025-07-24T02:28:38.7392953Z,19.23,875,19.39,5980
2025-07-24T02:28:38.7392953Z,19.22,753,19.40,753
2025-07-24T02:28:38.7392953Z,19.21,648,19.41,648
                                   
2025-07-24T02:28:39.7392953Z,19.31,2500,19.33,10928
2025-07-24T02:28:39.7392953Z,19.31,11153,19.33,2500
2025-07-24T02:28:39.7392953Z,19.30,2152,19.34,7055
2025-07-24T02:28:39.7392953Z,19.30,14196,19.34,2152
2025-07-24T02:28:39.7392953Z,19.29,1852,19.35,593
2025-07-24T02:28:39.7392953Z,19.29,25191,19.35,1852
2025-07-24T02:28:39.7392953Z,19.28,1594,19.36,7496
2025-07-24T02:28:39.7392953Z,19.28,4045,19.36,1594
2025-07-24T02:28:39.7392953Z,19.27,1372,19.37,2458
2025-07-24T02:28:39.7392953Z,19.27,1353,19.37,1372
                                   
2025-07-24T02:28:40.7392953Z,19.31,8376,19.33,1530
2025-07-24T02:28:40.7392953Z,19.31,10000,19.33,158
2025-07-24T02:28:40.7392953Z,19.31,2500,19.34,2152
2025-07-24T02:28:40.7392953Z,19.30,41223,19.34,655
2025-07-24T02:28:40.7392953Z,19.30,6065,19.35,1852
2025-07-24T02:28:40.7392953Z,19.30,2152,19.35,699
2025-07-24T02:28:40.7392953Z,19.29,33172,19.36,1594
2025-07-24T02:28:40.7392953Z,19.29,3679,19.37,1372
2025-07-24T02:28:40.7392953Z,19.29,1852,19.37,1829
2025-07-24T02:28:40.7392953Z,19.28,27085,19.38,1181
                                   
2025-07-24T02:28:41.7392953Z,19.39,1254,19.41,2500
2025-07-24T02:28:41.7392953Z,19.39,2500,19.41,814
2025-07-24T02:28:41.7392953Z,19.38,12996,19.42,2152
2025-07-24T02:28:41.7392953Z,19.38,2152,19.42,945
2025-07-24T02:28:41.7392953Z,19.37,32507,19.43,1852
2025-07-24T02:28:41.7392953Z,19.37,1852,19.44,1594
2025-07-24T02:28:41.7392953Z,19.36,7397,19.45,1372
2025-07-24T02:28:41.7392953Z,19.36,1594,19.46,1181
2025-07-24T02:28:41.7392953Z,19.35,5559,19.47,1016
2025-07-24T02:28:41.7392953Z,19.35,1372,19.48,875
                                   
2025-07-24T02:28:42.7392953Z,19.51,1615,19.53,2305
2025-07-24T02:28:42.7392953Z,19.51,2500,19.54,2152
2025-07-24T02:28:42.7392953Z,19.50,10000,19.55,1852
2025-07-24T02:28:42.7392953Z,19.50,17185,19.55,1120
2025-07-24T02:28:42.7392953Z,19.50,2152,19.56,1594
2025-07-24T02:28:42.7392953Z,19.49,6065,19.57,1372
2025-07-24T02:28:42.7392953Z,19.49,2305,19.58,1181
2025-07-24T02:28:42.7392953Z,19.49,1852,19.59,1016
2025-07-24T02:28:42.7392953Z,19.48,3679,19.60,875
2025-07-24T02:28:42.7392953Z,19.48,2395,19.61,753
                                   
2025-07-24T02:28:43.7392953Z,19.65,1715,19.66,5263
2025-07-24T02:28:43.7392953Z,19.65,2500,19.67,2500
2025-07-24T02:28:43.7392953Z,19.64,25644,19.67,784
2025-07-24T02:28:43.7392953Z,19.64,2152,19.68,2152
2025-07-24T02:28:43.7392953Z,19.63,15709,19.69,1852
2025-07-24T02:28:43.7392953Z,19.63,1852,19.70,1594
2025-07-24T02:28:43.7392953Z,19.62,4193,19.71,1372
2025-07-24T02:28:43.7392953Z,19.62,1594,19.72,1181
2025-07-24T02:28:43.7392953Z,19.61,8154,19.73,1016
2025-07-24T02:28:43.7392953Z,19.61,1372,19.74,875
                                   
2025-07-24T02:28:44.7392953Z,19.67,2500,19.69,8287
2025-07-24T02:28:44.7392953Z,19.67,11427,19.69,2500
2025-07-24T02:28:44.7392953Z,19.67,10000,19.70,2501
2025-07-24T02:28:44.7392953Z,19.66,2152,19.70,2152
2025-07-24T02:28:44.7392953Z,19.66,2106,19.71,1852
2025-07-24T02:28:44.7392953Z,19.66,6065,19.72,1594
2025-07-24T02:28:44.7392953Z,19.65,1852,19.73,1372
2025-07-24T02:28:44.7392953Z,19.65,6681,19.74,1181
2025-07-24T02:28:44.7392953Z,19.65,3679,19.75,1016
2025-07-24T02:28:44.7392953Z,19.64,1594,19.77,753
                                   
2025-07-24T02:28:45.7392953Z,19.67,10839,19.68,10530
2025-07-24T02:28:45.7392953Z,19.67,2500,19.69,2500
2025-07-24T02:28:45.7392953Z,19.66,10000,19.69,5759
2025-07-24T02:28:45.7392953Z,19.66,2152,19.70,2152
2025-07-24T02:28:45.7392953Z,19.65,10010,19.70,17661
2025-07-24T02:28:45.7392953Z,19.65,1852,19.71,1852
2025-07-24T02:28:45.7392953Z,19.64,6490,19.72,1594
2025-07-24T02:28:45.7392953Z,19.64,1594,19.73,1372
2025-07-24T02:28:45.7392953Z,19.63,5996,19.74,1181
2025-07-24T02:28:45.7392953Z,19.63,1372,19.75,1016
                                   
2025-07-24T02:28:46.7392953Z,19.73,1439,19.76,2500
2025-07-24T02:28:46.7392953Z,19.73,2152,19.77,2152
2025-07-24T02:28:46.7392953Z,19.72,10000,19.78,1852
2025-07-24T02:28:46.7392953Z,19.72,1852,19.79,1594
2025-07-24T02:28:46.7392953Z,19.71,7825,19.80,1372
2025-07-24T02:28:46.7392953Z,19.71,1594,19.81,1181
2025-07-24T02:28:46.7392953Z,19.70,5049,19.82,1016
2025-07-24T02:28:46.7392953Z,19.70,1372,19.83,875
2025-07-24T02:28:46.7392953Z,19.69,2231,19.84,753
2025-07-24T02:28:46.7392953Z,19.69,1181,19.85,648
                                   
2025-07-24T02:28:47.7392953Z,19.92,2500,19.94,990
2025-07-24T02:28:47.7392953Z,19.91,430,19.95,2152
2025-07-24T02:28:47.7392953Z,19.91,2152,19.96,1852
2025-07-24T02:28:47.7392953Z,19.90,1852,19.97,1594
2025-07-24T02:28:47.7392953Z,19.89,10000,19.98,1372
2025-07-24T02:28:47.7392953Z,19.89,1594,19.99,1181
2025-07-24T02:28:47.7392953Z,19.88,6065,20.00,1016
2025-07-24T02:28:47.7392953Z,19.88,1372,20.01,875
2025-07-24T02:28:47.7392953Z,19.87,4183,20.02,753
2025-07-24T02:28:47.7392953Z,19.87,1181,20.03,648
                                   
2025-07-24T02:28:48.7392953Z,19.99,2500,20.01,2294
2025-07-24T02:28:48.7392953Z,19.98,10000,20.02,2152
2025-07-24T02:28:48.7392953Z,19.98,2152,20.02,833
2025-07-24T02:28:48.7392953Z,19.97,7694,20.03,1852
2025-07-24T02:28:48.7392953Z,19.97,1852,20.04,1594
2025-07-24T02:28:48.7392953Z,19.96,4426,20.05,1372
2025-07-24T02:28:48.7392953Z,19.95,8180,20.06,1181
2025-07-24T02:28:48.7392953Z,19.95,1372,20.07,1016
2025-07-24T02:28:48.7392953Z,19.94,1353,20.08,875
2025-07-24T02:28:48.7392953Z,19.94,1181,20.09,753
                                   
2025-07-24T02:28:49.7392953Z,20.08,2500,20.10,1343
2025-07-24T02:28:49.7392953Z,20.08,11735,20.10,2500
2025-07-24T02:28:49.7392953Z,20.07,2152,20.11,1619
2025-07-24T02:28:49.7392953Z,20.07,6616,20.11,2152
2025-07-24T02:28:49.7392953Z,20.06,1852,20.12,1852
2025-07-24T02:28:49.7392953Z,20.06,8598,20.13,1594
2025-07-24T02:28:49.7392953Z,20.05,1594,20.14,1372
2025-07-24T02:28:49.7392953Z,20.05,7375,20.15,1181
2025-07-24T02:28:49.7392953Z,20.04,1372,20.16,1016
2025-07-24T02:28:49.7392953Z,20.04,40981,20.17,875
                                   
2025-07-24T02:28:50.7392953Z,20.15,6143,20.16,6114
2025-07-24T02:28:50.7392953Z,20.15,2500,20.17,2500
2025-07-24T02:28:50.7392953Z,20.14,10000,20.17,3621
2025-07-24T02:28:50.7392953Z,20.14,8751,20.18,2152
2025-07-24T02:28:50.7392953Z,20.14,2152,20.18,7595
2025-07-24T02:28:50.7392953Z,20.13,6065,20.19,1852
2025-07-24T02:28:50.7392953Z,20.13,2112,20.20,1594
2025-07-24T02:28:50.7392953Z,20.13,1852,20.21,1372
2025-07-24T02:28:50.7392953Z,20.12,3679,20.22,1181
2025-07-24T02:28:50.7392953Z,20.12,202,20.23,1016
                                   
2025-07-24T02:28:51.7392953Z,20.15,25692,20.17,7891
2025-07-24T02:28:51.7392953Z,20.14,10000,20.18,10305
2025-07-24T02:28:51.7392953Z,20.14,21318,20.19,1852
2025-07-24T02:28:51.7392953Z,20.13,6065,20.20,1594
2025-07-24T02:28:51.7392953Z,20.13,16217,20.21,1372
2025-07-24T02:28:51.7392953Z,20.12,3679,20.22,1181
2025-07-24T02:28:51.7392953Z,20.12,1594,20.23,1016
2025-07-24T02:28:51.7392953Z,20.11,2231,20.24,875
2025-07-24T02:28:51.7392953Z,20.11,5354,20.25,753
2025-07-24T02:28:51.7392953Z,20.10,1353,20.26,648
                                   
2025-07-24T02:28:52.7392953Z,20.37,568,20.39,2500
2025-07-24T02:28:52.7392953Z,20.37,2500,20.40,2152
2025-07-24T02:28:52.7392953Z,20.36,10000,20.41,1852
2025-07-24T02:28:52.7392953Z,20.36,2152,20.42,1594
2025-07-24T02:28:52.7392953Z,20.35,7439,20.43,1372
2025-07-24T02:28:52.7392953Z,20.35,1852,20.44,1181
2025-07-24T02:28:52.7392953Z,20.34,4947,20.45,1016
2025-07-24T02:28:52.7392953Z,20.34,1594,20.46,875
2025-07-24T02:28:52.7392953Z,20.33,5059,20.47,753
2025-07-24T02:28:52.7392953Z,20.33,1372,20.48,648
                                   
2025-07-24T02:28:53.7392953Z,20.44,25413,20.45,6617
2025-07-24T02:28:53.7392953Z,20.44,2500,20.46,2500
2025-07-24T02:28:53.7392953Z,20.43,3050,20.46,260
2025-07-24T02:28:53.7392953Z,20.43,2152,20.47,2152
2025-07-24T02:28:53.7392953Z,20.42,5144,20.47,2585
2025-07-24T02:28:53.7392953Z,20.42,1852,20.48,1852
2025-07-24T02:28:53.7392953Z,20.41,30531,20.49,1594
2025-07-24T02:28:53.7392953Z,20.41,1594,20.51,1181
2025-07-24T02:28:53.7392953Z,20.40,2901,20.52,1016
2025-07-24T02:28:53.7392953Z,20.40,1372,20.53,875
                                   
2025-07-24T02:28:54.7392953Z,20.58,477,20.60,2500
2025-07-24T02:28:54.7392953Z,20.58,2500,20.60,1023
2025-07-24T02:28:54.7392953Z,20.57,2152,20.61,2152
2025-07-24T02:28:54.7392953Z,20.56,4863,20.61,1481
2025-07-24T02:28:54.7392953Z,20.56,1852,20.62,1852
2025-07-24T02:28:54.7392953Z,20.55,2952,20.63,1594
2025-07-24T02:28:54.7392953Z,20.55,1594,20.64,1372
2025-07-24T02:28:54.7392953Z,20.54,6084,20.65,1181
2025-07-24T02:28:54.7392953Z,20.54,1372,20.66,1016
2025-07-24T02:28:54.7392953Z,20.53,457,20.67,875
                                   
2025-07-24T02:28:55.7392953Z,20.71,2378,20.72,18649
2025-07-24T02:28:55.7392953Z,20.71,2500,20.73,2500
2025-07-24T02:28:55.7392953Z,20.70,2231,20.73,2110
2025-07-24T02:28:55.7392953Z,20.70,2152,20.74,2152
2025-07-24T02:28:55.7392953Z,20.69,382,20.75,1852
2025-07-24T02:28:55.7392953Z,20.69,1852,20.76,1594
2025-07-24T02:28:55.7392953Z,20.68,7513,20.77,1372
2025-07-24T02:28:55.7392953Z,20.68,1594,20.78,1181
2025-07-24T02:28:55.7392953Z,20.67,6280,20.79,1016
2025-07-24T02:28:55.7392953Z,20.67,1372,20.80,875
                                   
2025-07-24T02:28:56.7392953Z,20.75,5000,20.76,1071
2025-07-24T02:28:56.7392953Z,20.74,21130,20.77,3688
2025-07-24T02:28:56.7392953Z,20.73,8798,20.78,2152
2025-07-24T02:28:56.7392953Z,20.72,4668,20.79,1852
2025-07-24T02:28:56.7392953Z,20.71,28792,20.80,1594
2025-07-24T02:28:56.7392953Z,20.70,27035,20.81,1372
2025-07-24T02:28:56.7392953Z,20.69,2079,20.82,1181
2025-07-24T02:28:56.7392953Z,20.68,4831,20.83,1016
2025-07-24T02:28:56.7392953Z,20.67,1637,20.84,875
2025-07-24T02:28:56.7392953Z,20.66,1264,20.85,753
                                   
2025-07-24T02:28:57.7392953Z,20.75,13210,20.77,14923
2025-07-24T02:28:57.7392953Z,20.74,14303,20.78,30070
2025-07-24T02:28:57.7392953Z,20.73,11327,20.79,1852
2025-07-24T02:28:57.7392953Z,20.72,4668,20.80,1594
2025-07-24T02:28:57.7392953Z,20.71,23451,20.81,6230
2025-07-24T02:28:57.7392953Z,20.70,1181,20.82,1181
2025-07-24T02:28:57.7392953Z,20.69,2079,20.83,1016
2025-07-24T02:28:57.7392953Z,20.68,4831,20.84,875
2025-07-24T02:28:57.7392953Z,20.67,1637,20.85,753
2025-07-24T02:28:57.7392953Z,20.66,720,20.86,648
                                   
2025-07-24T02:28:58.7392953Z,20.76,998,20.77,10745
2025-07-24T02:28:58.7392953Z,20.76,2500,20.78,2500
2025-07-24T02:28:58.7392953Z,20.75,22064,20.78,24770
2025-07-24T02:28:58.7392953Z,20.75,2152,20.79,2152
2025-07-24T02:28:58.7392953Z,20.74,23254,20.79,15182
2025-07-24T02:28:58.7392953Z,20.74,1852,20.80,1852
2025-07-24T02:28:58.7392953Z,20.73,10559,20.81,1594
2025-07-24T02:28:58.7392953Z,20.73,1594,20.81,3172
2025-07-24T02:28:58.7392953Z,20.72,1579,20.82,1372
2025-07-24T02:28:58.7392953Z,20.72,1372,20.83,1181
                                   
2025-07-24T02:28:59.7392953Z,20.76,2500,20.77,191
2025-07-24T02:28:59.7392953Z,20.75,18833,20.78,2500
2025-07-24T02:28:59.7392953Z,20.75,2152,20.78,17365
2025-07-24T02:28:59.7392953Z,20.74,18756,20.79,2152
2025-07-24T02:28:59.7392953Z,20.74,1852,20.79,7405
2025-07-24T02:28:59.7392953Z,20.73,9381,20.80,1852
2025-07-24T02:28:59.7392953Z,20.73,1594,20.80,5990
2025-07-24T02:28:59.7392953Z,20.72,468,20.81,1594
2025-07-24T02:28:59.7392953Z,20.72,1372,20.81,3172
2025-07-24T02:28:59.7392953Z,20.71,186,20.82,1372
                                   
2025-07-24T02:29:00.7392953Z,20.76,2676,20.77,2989
2025-07-24T02:29:00.7392953Z,20.76,2500,20.78,2500
2025-07-24T02:29:00.7392953Z,20.75,4128,20.78,21580
2025-07-24T02:29:00.7392953Z,20.75,2152,20.79,2152
2025-07-24T02:29:00.7392953Z,20.74,21648,20.79,1999
2025-07-24T02:29:00.7392953Z,20.74,1852,20.80,1852
2025-07-24T02:29:00.7392953Z,20.73,7130,20.80,5216
2025-07-24T02:29:00.7392953Z,20.73,1594,20.81,1594
2025-07-24T02:29:00.7392953Z,20.72,468,20.82,1372
2025-07-24T02:29:00.7392953Z,20.72,1372,20.83,1181
                                   
2025-07-24T02:29:01.7392953Z,20.74,2500,20.76,2234
2025-07-24T02:29:01.7392953Z,20.74,10097,20.76,2500
2025-07-24T02:29:01.7392953Z,20.73,2152,20.77,47267
2025-07-24T02:29:01.7392953Z,20.73,8598,20.77,2152
2025-07-24T02:29:01.7392953Z,20.72,1852,20.78,32415
2025-07-24T02:29:01.7392953Z,20.72,1865,20.78,1852
2025-07-24T02:29:01.7392953Z,20.71,1594,20.79,4972
2025-07-24T02:29:01.7392953Z,20.70,1372,20.79,1594
2025-07-24T02:29:01.7392953Z,20.69,1181,20.80,1171
2025-07-24T02:29:01.7392953Z,20.68,1016,20.80,1372
                                   
2025-07-24T02:29:02.7392953Z,20.70,2500,20.72,1103
2025-07-24T02:29:02.7392953Z,20.70,14817,20.73,6594
2025-07-24T02:29:02.7392953Z,20.69,2152,20.73,2152
2025-07-24T02:29:02.7392953Z,20.69,214,20.74,7696
2025-07-24T02:29:02.7392953Z,20.68,1852,20.74,1852
2025-07-24T02:29:02.7392953Z,20.67,1594,20.75,8487
2025-07-24T02:29:02.7392953Z,20.66,1372,20.75,1594
2025-07-24T02:29:02.7392953Z,20.65,1181,20.76,3151
2025-07-24T02:29:02.7392953Z,20.64,1016,20.76,1372
2025-07-24T02:29:02.7392953Z,20.63,875,20.77,39580
                                   
2025-07-24T02:29:03.7392953Z,20.70,997,20.71,3863
2025-07-24T02:29:03.7392953Z,20.70,2500,20.72,2500
2025-07-24T02:29:03.7392953Z,20.69,2440,20.72,2916
2025-07-24T02:29:03.7392953Z,20.69,2152,20.73,2152
2025-07-24T02:29:03.7392953Z,20.68,1852,20.73,6410
2025-07-24T02:29:03.7392953Z,20.67,1594,20.74,1852
2025-07-24T02:29:03.7392953Z,20.66,1372,20.74,9685
2025-07-24T02:29:03.7392953Z,20.65,1181,20.75,1594
2025-07-24T02:29:03.7392953Z,20.64,1016,20.75,1792
2025-07-24T02:29:03.7392953Z,20.63,875,20.76,1372
                                   
2025-07-24T02:29:04.7392953Z,20.58,4389,20.59,11038
2025-07-24T02:29:04.7392953Z,20.58,2500,20.60,2500
2025-07-24T02:29:04.7392953Z,20.57,371,20.60,13501
2025-07-24T02:29:04.7392953Z,20.57,2152,20.61,2152
2025-07-24T02:29:04.7392953Z,20.56,1852,20.61,6974
2025-07-24T02:29:04.7392953Z,20.55,1594,20.62,1852
2025-07-24T02:29:04.7392953Z,20.54,1372,20.62,2788
2025-07-24T02:29:04.7392953Z,20.53,1181,20.63,1594
2025-07-24T02:29:04.7392953Z,20.52,1016,20.63,653
2025-07-24T02:29:04.7392953Z,20.51,875,20.64,1372
                                   
2025-07-24T02:29:05.7392953Z,20.47,1122,20.48,3138
2025-07-24T02:29:05.7392953Z,20.46,2500,20.48,2500
2025-07-24T02:29:05.7392953Z,20.46,4362,20.49,9879
2025-07-24T02:29:05.7392953Z,20.45,2152,20.49,2152
2025-07-24T02:29:05.7392953Z,20.44,1852,20.50,2517
2025-07-24T02:29:05.7392953Z,20.43,1594,20.50,1852
2025-07-24T02:29:05.7392953Z,20.42,1372,20.51,1594
2025-07-24T02:29:05.7392953Z,20.41,1181,20.52,574
2025-07-24T02:29:05.7392953Z,20.40,1016,20.52,1372
2025-07-24T02:29:05.7392953Z,20.39,875,20.53,1181
                                   
2025-07-24T02:29:06.7392953Z,20.45,1971,20.47,871
2025-07-24T02:29:06.7392953Z,20.45,1212,20.47,2500
2025-07-24T02:29:06.7392953Z,20.44,2152,20.48,1558
2025-07-24T02:29:06.7392953Z,20.43,1852,20.48,2152
2025-07-24T02:29:06.7392953Z,20.43,3478,20.49,5777
2025-07-24T02:29:06.7392953Z,20.42,1594,20.49,1852
2025-07-24T02:29:06.7392953Z,20.42,1642,20.50,7546
2025-07-24T02:29:06.7392953Z,20.41,1372,20.50,1594
2025-07-24T02:29:06.7392953Z,20.40,1181,20.51,1323
2025-07-24T02:29:06.7392953Z,20.39,1016,20.51,1372
                                   
2025-07-24T02:29:07.7392953Z,20.37,4078,20.38,904
2025-07-24T02:29:07.7392953Z,20.36,2152,20.39,13203
2025-07-24T02:29:07.7392953Z,20.35,1852,20.40,2152
2025-07-24T02:29:07.7392953Z,20.34,1594,20.41,1852
2025-07-24T02:29:07.7392953Z,20.33,1372,20.42,1594
2025-07-24T02:29:07.7392953Z,20.32,1181,20.43,21813
2025-07-24T02:29:07.7392953Z,20.31,1016,20.44,4307
2025-07-24T02:29:07.7392953Z,20.30,875,20.45,11810
2025-07-24T02:29:07.7392953Z,20.29,753,20.46,3657
2025-07-24T02:29:07.7392953Z,20.28,648,20.47,7115
                                   
2025-07-24T02:29:08.7392953Z,20.32,8110,20.34,5729
2025-07-24T02:29:08.7392953Z,20.32,2500,20.35,2152
2025-07-24T02:29:08.7392953Z,20.31,11149,20.35,3653
2025-07-24T02:29:08.7392953Z,20.31,2152,20.36,1852
2025-07-24T02:29:08.7392953Z,20.30,3952,20.36,5847
2025-07-24T02:29:08.7392953Z,20.30,1852,20.37,1594
2025-07-24T02:29:08.7392953Z,20.29,1594,20.37,11834
2025-07-24T02:29:08.7392953Z,20.28,1372,20.38,1372
2025-07-24T02:29:08.7392953Z,20.27,1181,20.38,778
2025-07-24T02:29:08.7392953Z,20.26,1016,20.39,1181
                                   
2025-07-24T02:29:09.7392953Z,20.25,2319,20.26,2712
2025-07-24T02:29:09.7392953Z,20.25,2500,20.27,2500
2025-07-24T02:29:09.7392953Z,20.24,3345,20.27,4471
2025-07-24T02:29:09.7392953Z,20.24,2152,20.28,2152
2025-07-24T02:29:09.7392953Z,20.23,1852,20.28,1435
2025-07-24T02:29:09.7392953Z,20.22,1594,20.29,1852
2025-07-24T02:29:09.7392953Z,20.21,1372,20.29,2366
2025-07-24T02:29:09.7392953Z,20.20,1181,20.30,1594
2025-07-24T02:29:09.7392953Z,20.19,1016,20.30,548
2025-07-24T02:29:09.7392953Z,20.18,875,20.31,1372
                                   
2025-07-24T02:29:10.7392953Z,20.21,2500,20.23,813
2025-07-24T02:29:10.7392953Z,20.21,12052,20.23,2500
2025-07-24T02:29:10.7392953Z,20.20,2152,20.24,18374
2025-07-24T02:29:10.7392953Z,20.19,1852,20.24,2152
2025-07-24T02:29:10.7392953Z,20.19,6175,20.25,13699
2025-07-24T02:29:10.7392953Z,20.18,1594,20.25,1852
2025-07-24T02:29:10.7392953Z,20.17,1372,20.26,1594
2025-07-24T02:29:10.7392953Z,20.16,1181,20.27,4518
2025-07-24T02:29:10.7392953Z,20.15,1016,20.27,1372
2025-07-24T02:29:10.7392953Z,20.14,875,20.28,1435
                                   
2025-07-24T02:29:11.7392953Z,20.17,2500,20.19,4570
2025-07-24T02:29:11.7392953Z,20.17,21302,20.19,2500
2025-07-24T02:29:11.7392953Z,20.16,2152,20.20,7973
2025-07-24T02:29:11.7392953Z,20.16,113,20.20,2152
2025-07-24T02:29:11.7392953Z,20.15,1852,20.21,8894
2025-07-24T02:29:11.7392953Z,20.14,1594,20.21,1852
2025-07-24T02:29:11.7392953Z,20.13,1372,20.22,1793
2025-07-24T02:29:11.7392953Z,20.12,1181,20.22,1594
2025-07-24T02:29:11.7392953Z,20.11,1016,20.23,7337
2025-07-24T02:29:11.7392953Z,20.10,875,20.23,1372
                                   
