ts,orderId,execType,side,price,lastQty,leaves
2025-07-24T02:26:12.7392953Z,2d50c22a-b083-4424-9b6a-678dd326d7ea,New,Buy,19.99,0,2377
2025-07-24T02:26:12.7492953Z,c92b28cc-c2dd-4800-a8d5-8e9ec655d4dc,Trade,Buy,19.99,1102,1398
2025-07-24T02:26:12.7592953Z,6f1cc246-2a0c-4ad9-941c-ffebcebb097e,New,Sell,20.02,0,592
2025-07-24T02:26:12.7692953Z,dc2089c4-fa08-420a-a572-06670d3c014e,Trade,Buy,19.99,1333,1167
2025-07-24T02:26:12.7692953Z,2d50c22a-b083-4424-9b6a-678dd326d7ea,Cancel,Buy,19.99,0,0
2025-07-24T02:26:12.7792953Z,47930adc-868e-468e-8af1-e9a5c9e7a89c,New,Sell,20.01,0,120
2025-07-24T02:26:12.7892953Z,2b3f7fd8-c4e5-4131-ad40-990f639744e2,Trade,Sell,20.01,2500,0
2025-07-24T02:26:12.7892953Z,119c4701-a133-4e8c-aa99-41b0b661cb79,Trade,Sell,20.01,581,1919
2025-07-24T02:26:12.7992953Z,5decb0e1-b92c-46e0-93e1-2fccfac38f20,New,Sell,20.02,0,408
2025-07-24T02:26:12.8092953Z,c92b28cc-c2dd-4800-a8d5-8e9ec655d4dc,Trade,Buy,19.99,633,765
2025-07-24T02:26:12.8192953Z,dc2089c4-fa08-420a-a572-06670d3c014e,Trade,Buy,19.99,1167,0
2025-07-24T02:26:12.8192953Z,960a07c3-3d21-40d3-8cd1-3c607abee3dd,Trade,Buy,19.99,100,1233
2025-07-24T02:26:12.8292953Z,c92b28cc-c2dd-4800-a8d5-8e9ec655d4dc,Trade,Buy,19.99,765,0
2025-07-24T02:26:12.8292953Z,960a07c3-3d21-40d3-8cd1-3c607abee3dd,Trade,Buy,19.99,722,511
2025-07-24T02:26:12.8392953Z,1d5ae5a6-1766-46e7-8cb6-d8a1c75a8555,New,Buy,19.99,0,9861
2025-07-24T02:26:12.8492953Z,bdda4296-b59b-4efd-acb1-12a774a2f3d0,Trade,Buy,19.99,1267,0
2025-07-24T02:26:12.8492953Z,960a07c3-3d21-40d3-8cd1-3c607abee3dd,Trade,Buy,19.99,511,0
2025-07-24T02:26:12.8492953Z,2a5cd2f4-d8f3-4474-92c2-0bd33bbddd51,Trade,Buy,19.99,319,403
2025-07-24T02:26:12.8492953Z,1576e236-0d64-4daf-bfc5-bbe2f63aa354,Cancel,Buy,19.93,0,0
2025-07-24T02:26:12.8592953Z,47930adc-868e-468e-8af1-e9a5c9e7a89c,Trade,Sell,20.01,120,0
2025-07-24T02:26:12.8592953Z,119c4701-a133-4e8c-aa99-41b0b661cb79,Trade,Sell,20.01,1705,214
2025-07-24T02:26:12.8692953Z,1d5ae5a6-1766-46e7-8cb6-d8a1c75a8555,Trade,Buy,19.99,914,8947
2025-07-24T02:26:12.8792953Z,648b07e7-b9b1-49f5-893e-5c93f57f96b7,New,Sell,20.00,0,466
2025-07-24T02:26:12.8892953Z,6b075da9-2a54-4b55-bf7c-61a5e815ca01,New,Sell,20.00,0,1472
2025-07-24T02:26:12.8992953Z,648b07e7-b9b1-49f5-893e-5c93f57f96b7,Trade,Sell,20.00,91,375
2025-07-24T02:26:12.9092953Z,306da4aa-0d80-45de-a5a6-0ad35f4bd605,New,Sell,20.02,0,1176
2025-07-24T02:26:12.9192953Z,86fcdac9-5245-448e-8033-31cef104e94a,New,Sell,20.00,0,613
2025-07-24T02:26:12.9292953Z,6b075da9-2a54-4b55-bf7c-61a5e815ca01,Trade,Sell,20.00,1390,82
2025-07-24T02:26:12.9392953Z,1491b01b-174a-4525-b1fe-e3d84d673157,New,Sell,20.00,0,2184
2025-07-24T02:26:12.9492953Z,3d3fd739-e969-4a5c-b160-f949dc371040,New,Sell,20.03,0,807
2025-07-24T02:26:12.9592953Z,1d5ae5a6-1766-46e7-8cb6-d8a1c75a8555,Trade,Buy,19.99,941,8006
2025-07-24T02:26:12.9692953Z,6fb8a80d-e618-4387-9de0-42f7df6cd4d9,New,Buy,19.98,0,751
2025-07-24T02:26:12.9692953Z,691ac139-c8f9-4a84-a1d0-763efb72f3ff,Cancel,Buy,19.97,0,0
2025-07-24T02:26:12.9792953Z,1d5ae5a6-1766-46e7-8cb6-d8a1c75a8555,Trade,Buy,19.99,415,7591
2025-07-24T02:26:12.9792953Z,205946fe-9650-42f2-ae95-96108ccd75c1,Cancel,Buy,19.91,0,0
2025-07-24T02:26:12.9892953Z,648b07e7-b9b1-49f5-893e-5c93f57f96b7,Trade,Sell,20.00,375,0
2025-07-24T02:26:12.9892953Z,86fcdac9-5245-448e-8033-31cef104e94a,Trade,Sell,20.00,613,0
2025-07-24T02:26:12.9892953Z,6b075da9-2a54-4b55-bf7c-61a5e815ca01,Trade,Sell,20.00,82,0
2025-07-24T02:26:12.9892953Z,1491b01b-174a-4525-b1fe-e3d84d673157,Trade,Sell,20.00,2184,0
2025-07-24T02:26:12.9892953Z,b3f365da-52be-48c9-a19d-40ccc1eeef17,Trade,Sell,20.01,895,1605
2025-07-24T02:26:12.9992953Z,1d5ae5a6-1766-46e7-8cb6-d8a1c75a8555,Trade,Buy,19.99,5164,2427
2025-07-24T02:26:13.0092953Z,ed267c43-dbf6-4c2c-8abe-ec8147c1cfc0,New,Buy,19.99,0,6236
2025-07-24T02:26:13.0192953Z,ea56496f-fe29-4c87-841f-88089dde9747,New,Buy,19.99,0,554
2025-07-24T02:26:13.0292953Z,f01649fe-43a9-48a8-a335-1d2cace3ac4f,New,Buy,19.98,0,492
2025-07-24T02:26:13.0392953Z,0ec3fbb2-c015-4133-8979-57c2d86c10cc,New,Sell,20.02,0,558
2025-07-24T02:26:13.0492953Z,1d5ae5a6-1766-46e7-8cb6-d8a1c75a8555,Trade,Buy,19.99,2427,0
2025-07-24T02:26:13.0492953Z,ed267c43-dbf6-4c2c-8abe-ec8147c1cfc0,Trade,Buy,19.99,880,5356
2025-07-24T02:26:13.0592953Z,2205d048-365b-45fb-b4f6-fe2b6dfdf2dc,New,Buy,19.99,0,1991
2025-07-24T02:26:13.0692953Z,0745a432-62d4-420a-bdac-1ab427c4a086,New,Sell,20.00,0,1873
2025-07-24T02:26:13.0792953Z,a44f72af-99ed-4705-87a0-981a1c8c9912,New,Sell,20.00,0,1135
2025-07-24T02:26:13.0892953Z,3a459927-ab62-421e-8763-fbe557a59ab4,New,Buy,19.99,0,1227
2025-07-24T02:26:13.0892953Z,306da4aa-0d80-45de-a5a6-0ad35f4bd605,Cancel,Sell,20.02,0,0
2025-07-24T02:26:13.0992953Z,0745a432-62d4-420a-bdac-1ab427c4a086,Trade,Sell,20.00,356,1517
2025-07-24T02:26:13.1092953Z,4eba0c2b-e7bd-4386-b538-01fa7ba5707e,New,Buy,19.99,0,269
2025-07-24T02:26:13.1192953Z,a44f72af-99ed-4705-87a0-981a1c8c9912,Trade,Sell,20.00,1135,0
2025-07-24T02:26:13.1192953Z,0745a432-62d4-420a-bdac-1ab427c4a086,Trade,Sell,20.00,1517,0
2025-07-24T02:26:13.1192953Z,4cc92499-2a35-48f3-8a9f-26509c55bc91,Trade,Sell,20.01,371,2129
2025-07-24T02:26:13.1292953Z,ea56496f-fe29-4c87-841f-88089dde9747,Trade,Buy,19.99,147,407
2025-07-24T02:26:13.1392953Z,1edaf902-0942-462a-95f4-37fac714d914,New,Sell,20.01,0,384
2025-07-24T02:26:13.1492953Z,57332664-56df-41b3-8347-19fe582d485d,New,Sell,20.02,0,1044
2025-07-24T02:26:13.1592953Z,aa66f85c-e5ef-44c4-9ce1-73e228ea696d,New,Buy,19.99,0,2909
2025-07-24T02:26:13.1692953Z,ed267c43-dbf6-4c2c-8abe-ec8147c1cfc0,Trade,Buy,19.99,4550,806
2025-07-24T02:26:13.1692953Z,7ec4630e-0792-4de1-9e48-1c03d12bc622,Cancel,Buy,19.95,0,0
2025-07-24T02:26:13.1792953Z,3bb56126-e51d-42ec-85a6-55185cc92044,New,Sell,20.01,0,1098
2025-07-24T02:26:13.1792953Z,4c843058-e762-4472-8d94-1c220a98963a,Cancel,Buy,19.96,0,0
2025-07-24T02:26:13.1892953Z,484c39ac-2bd4-4550-9833-d60b3dd56097,New,Sell,20.00,0,2675
2025-07-24T02:26:13.1992953Z,dcb6eade-4ed5-44bb-8974-28da2e3c0976,New,Buy,19.98,0,3340
2025-07-24T02:26:13.1992953Z,92fa6c34-b732-471e-917f-c9ee8287a1bc,Cancel,Sell,20.07,0,0
2025-07-24T02:26:13.2092953Z,b0f975c2-a5b6-4996-b551-6af79ae4e6b1,New,Sell,20.01,0,830
2025-07-24T02:26:13.2192953Z,5b40e01d-3eff-4c4f-8e22-80ea753911bc,New,Sell,20.00,0,208
2025-07-24T02:26:13.2292953Z,d6b746e4-d799-4449-be1a-99bfff8cdc32,New,Sell,20.00,0,5350
2025-07-24T02:26:13.2392953Z,2205d048-365b-45fb-b4f6-fe2b6dfdf2dc,Trade,Buy,19.99,705,1286
2025-07-24T02:26:13.2492953Z,3a459927-ab62-421e-8763-fbe557a59ab4,Trade,Buy,19.99,442,785
2025-07-24T02:26:13.2592953Z,b204f69b-d5c3-42b3-9445-95414a2e7c53,New,Buy,19.99,0,180
2025-07-24T02:26:13.2592953Z,03386b84-03fe-4ef5-9260-cdefea1c7776,Cancel,Sell,20.05,0,0
2025-07-24T02:26:13.2692953Z,db6a2cd5-be65-4498-a44a-40132534405d,New,Buy,19.99,0,509
2025-07-24T02:26:13.2792953Z,4eba0c2b-e7bd-4386-b538-01fa7ba5707e,Trade,Buy,19.99,76,193
2025-07-24T02:26:13.2792953Z,3d3fd739-e969-4a5c-b160-f949dc371040,Cancel,Sell,20.03,0,0
2025-07-24T02:26:13.2892953Z,79094bac-38d5-495f-a12d-7e31f02b42dd,New,Sell,20.00,0,262
2025-07-24T02:26:13.2992953Z,484c39ac-2bd4-4550-9833-d60b3dd56097,Trade,Sell,20.00,201,2474
2025-07-24T02:26:13.2992953Z,55834569-a294-452b-be92-3b12602c6b27,Cancel,Buy,19.94,0,0
2025-07-24T02:26:13.3092953Z,b1ac08ac-c318-4ac4-abfc-847f6c0e1321,New,Buy,19.99,0,3209
2025-07-24T02:26:13.3092953Z,a17513af-b956-4423-8b0a-e293f31af188,Cancel,Buy,19.94,0,0
2025-07-24T02:26:13.3192953Z,ea56496f-fe29-4c87-841f-88089dde9747,Trade,Buy,19.99,407,0
2025-07-24T02:26:13.3192953Z,aa66f85c-e5ef-44c4-9ce1-73e228ea696d,Trade,Buy,19.99,2299,610
2025-07-24T02:26:13.3292953Z,e9174b69-7114-406b-a64e-9a424fd5b0a9,New,Sell,20.00,0,1111
2025-07-24T02:26:13.3392953Z,ed267c43-dbf6-4c2c-8abe-ec8147c1cfc0,Trade,Buy,19.99,806,0
2025-07-24T02:26:13.3392953Z,2205d048-365b-45fb-b4f6-fe2b6dfdf2dc,Trade,Buy,19.99,1286,0
2025-07-24T02:26:13.3392953Z,3a459927-ab62-421e-8763-fbe557a59ab4,Trade,Buy,19.99,785,0
2025-07-24T02:26:13.3392953Z,b204f69b-d5c3-42b3-9445-95414a2e7c53,Trade,Buy,19.99,180,0
2025-07-24T02:26:13.3392953Z,db6a2cd5-be65-4498-a44a-40132534405d,Trade,Buy,19.99,509,0
2025-07-24T02:26:13.3392953Z,4eba0c2b-e7bd-4386-b538-01fa7ba5707e,Trade,Buy,19.99,107,86
2025-07-24T02:26:13.3492953Z,5b40e01d-3eff-4c4f-8e22-80ea753911bc,Trade,Sell,20.00,208,0
2025-07-24T02:26:13.3492953Z,d6b746e4-d799-4449-be1a-99bfff8cdc32,Trade,Sell,20.00,1099,4251
2025-07-24T02:26:13.3492953Z,a052e86f-8840-4a0a-b8b4-3db665ac3e33,Cancel,Buy,19.90,0,0
2025-07-24T02:26:13.3492953Z,b1ac08ac-c318-4ac4-abfc-847f6c0e1321,Cancel,Buy,19.99,0,0
2025-07-24T02:26:13.3592953Z,d035a2b5-ea83-472c-b00f-7060c9e7f8f6,New,Sell,20.01,0,708
2025-07-24T02:26:13.3592953Z,252087a0-c6a1-43d4-9301-ea32afeed2e5,Cancel,Buy,19.95,0,0
2025-07-24T02:26:13.3692953Z,b78d4c15-db30-4145-a521-56c92f724903,New,Buy,19.98,0,445
2025-07-24T02:26:13.3692953Z,722c3ee1-9444-4309-869d-a57780353f5d,Cancel,Sell,20.05,0,0
2025-07-24T02:26:13.3692953Z,c5f491d7-4155-47de-a9b6-3a53e8722da8,Cancel,Sell,20.06,0,0
2025-07-24T02:26:13.3792953Z,e5617509-d1a1-4f4f-a3cb-3ff245dfdf0d,New,Sell,20.02,0,635
2025-07-24T02:26:13.3892953Z,aa66f85c-e5ef-44c4-9ce1-73e228ea696d,Trade,Buy,19.99,102,508
2025-07-24T02:26:13.3992953Z,79094bac-38d5-495f-a12d-7e31f02b42dd,Trade,Sell,20.00,262,0
2025-07-24T02:26:13.3992953Z,484c39ac-2bd4-4550-9833-d60b3dd56097,Trade,Sell,20.00,879,1595
2025-07-24T02:26:13.4092953Z,4eba0c2b-e7bd-4386-b538-01fa7ba5707e,Trade,Buy,19.99,86,0
2025-07-24T02:26:13.4092953Z,aa66f85c-e5ef-44c4-9ce1-73e228ea696d,Trade,Buy,19.99,508,0
2025-07-24T02:26:13.4092953Z,f80e3896-b47d-4cd8-873a-a1cdc83d94fe,Trade,Buy,19.99,1008,1492
2025-07-24T02:26:13.4092953Z,49f7a808-991c-4528-aa49-bc08ad84c66a,Cancel,Buy,19.92,0,0
2025-07-24T02:26:13.4192953Z,414d277f-ded4-4685-9a7a-5404fc750b3f,Trade,Buy,19.98,97,2403
2025-07-24T02:26:13.4292953Z,fbc07abe-2218-46f1-87fb-57ae36f006c7,New,Buy,19.99,0,11871
2025-07-24T02:26:13.4392953Z,e9174b69-7114-406b-a64e-9a424fd5b0a9,Trade,Sell,20.00,476,635
2025-07-24T02:26:13.4492953Z,9a195cb8-1bf4-46eb-9cb6-be7ba59c0323,New,Buy,19.99,0,2614
2025-07-24T02:26:13.4592953Z,d6b746e4-d799-4449-be1a-99bfff8cdc32,Trade,Sell,20.00,3600,651
2025-07-24T02:26:13.4692953Z,61d2a9d5-33c0-4d33-b4aa-e2d720b179e1,New,Sell,20.04,0,3361
2025-07-24T02:26:13.4792953Z,fbc07abe-2218-46f1-87fb-57ae36f006c7,Trade,Buy,19.99,2609,9262
2025-07-24T02:26:13.4892953Z,9a195cb8-1bf4-46eb-9cb6-be7ba59c0323,Trade,Buy,19.99,1383,1231
2025-07-24T02:26:13.4992953Z,73552a2b-e964-497e-b33a-8981d5e37354,New,Buy,19.98,0,821
2025-07-24T02:26:13.5092953Z,fbc07abe-2218-46f1-87fb-57ae36f006c7,Trade,Buy,19.99,493,8769
2025-07-24T02:26:13.5192953Z,82b940c9-73f7-4c99-aef0-56936deb06cf,New,Buy,19.98,0,167
2025-07-24T02:26:13.5192953Z,ee1e1a63-ccdd-4a4a-a884-b3eaabdb7785,Cancel,Sell,20.09,0,0
2025-07-24T02:26:13.5292953Z,9a195cb8-1bf4-46eb-9cb6-be7ba59c0323,Trade,Buy,19.99,1231,0
2025-07-24T02:26:13.5292953Z,fbc07abe-2218-46f1-87fb-57ae36f006c7,Trade,Buy,19.99,8769,0
2025-07-24T02:26:13.5292953Z,16224819-15af-4837-8a6d-6fae87b31ed9,Trade,Buy,19.99,452,2048
2025-07-24T02:26:13.5392953Z,a9fe6a70-68ce-491e-80f5-6bc11d2b833d,Trade,Buy,19.98,632,1868
2025-07-24T02:26:13.5492953Z,d3cee496-ad8c-4323-80ac-d36141d97cc6,Trade,Buy,19.98,602,1898
2025-07-24T02:26:13.5592953Z,484c39ac-2bd4-4550-9833-d60b3dd56097,Trade,Sell,20.00,1595,0
2025-07-24T02:26:13.5592953Z,e9174b69-7114-406b-a64e-9a424fd5b0a9,Trade,Sell,20.00,272,363
2025-07-24T02:26:13.5692953Z,b16032c3-47d9-4745-a2a0-4067aef9fdf2,Trade,Buy,19.98,444,2056
2025-07-24T02:26:13.5792953Z,0d547a36-a833-43c8-b2cc-ce4836f801b1,New,Sell,19.99,0,874
2025-07-24T02:26:13.5892953Z,0d547a36-a833-43c8-b2cc-ce4836f801b1,Trade,Sell,19.99,874,0
2025-07-24T02:26:13.5892953Z,dd310b94-9375-4e72-9657-b4d8432a26e7,Trade,Sell,20.00,2308,192
2025-07-24T02:26:13.5992953Z,06b17537-282c-4d79-bff9-90a94a50792b,Trade,Buy,19.98,615,1537
2025-07-24T02:26:13.6092953Z,558f3624-ce4e-4550-8477-999d97796069,New,Sell,20.02,0,2485
2025-07-24T02:26:13.6192953Z,237fb9bf-5853-4cdb-bced-d3fba1c1772c,New,Sell,20.02,0,333
2025-07-24T02:26:13.6292953Z,6fb8a80d-e618-4387-9de0-42f7df6cd4d9,Trade,Buy,19.98,751,0
2025-07-24T02:26:13.6292953Z,f01649fe-43a9-48a8-a335-1d2cace3ac4f,Trade,Buy,19.98,492,0
2025-07-24T02:26:13.6292953Z,dcb6eade-4ed5-44bb-8974-28da2e3c0976,Trade,Buy,19.98,3340,0
2025-07-24T02:26:13.6292953Z,b78d4c15-db30-4145-a521-56c92f724903,Trade,Buy,19.98,445,0
2025-07-24T02:26:13.6292953Z,73552a2b-e964-497e-b33a-8981d5e37354,Trade,Buy,19.98,821,0
2025-07-24T02:26:13.6292953Z,82b940c9-73f7-4c99-aef0-56936deb06cf,Trade,Buy,19.98,167,0
2025-07-24T02:26:13.6292953Z,06b17537-282c-4d79-bff9-90a94a50792b,Trade,Buy,19.98,1537,0
2025-07-24T02:26:13.6292953Z,59f41a0d-2b5d-44e1-8a00-e0c5959233ab,Trade,Buy,19.98,2500,0
2025-07-24T02:26:13.6292953Z,1b5bad50-ac51-4a44-9e54-32a6369e9246,Trade,Buy,19.97,1852,0
2025-07-24T02:26:13.6292953Z,9aa20e65-6bae-4248-a383-026c98f9b97f,Trade,Buy,19.97,1022,1130
2025-07-24T02:26:13.6292953Z,9cbdc6be-29f3-4b1e-ac3b-1f4d03e7df67,Cancel,Buy,19.96,0,0
2025-07-24T02:26:13.6392953Z,31c8f915-32ae-4f34-ac9d-d51d34bb21a4,New,Sell,19.99,0,592
2025-07-24T02:26:13.6492953Z,a92367c0-66a5-4073-93c8-c944aabfef4c,New,Buy,19.97,0,1047
2025-07-24T02:26:13.6592953Z,db686e47-455b-4e74-896a-f07c87ffe3e8,Trade,Buy,19.97,1021,1479
2025-07-24T02:26:13.6692953Z,b258414d-c8d3-415b-a758-6b32c55a375c,New,Sell,19.99,0,2251
2025-07-24T02:26:13.6792953Z,f6d1a33b-214d-4d29-af1d-4faeeedf173b,New,Sell,20.00,0,6844
2025-07-24T02:26:13.6892953Z,c4f9890b-9e2c-4c5c-b1ad-a8a9feffa5f5,New,Sell,19.99,0,507
2025-07-24T02:26:13.6992953Z,226d10ff-9625-4ca5-a94a-389480b55dd8,New,Buy,19.97,0,188
2025-07-24T02:26:13.7092953Z,1ec94ad2-e960-4971-a5f0-4455904d4137,New,Sell,19.98,0,4688
2025-07-24T02:26:13.7092953Z,10a37eff-8ed9-43c9-925b-8aa8971173bf,Cancel,Sell,20.04,0,0
2025-07-24T02:26:13.7192953Z,a92367c0-66a5-4073-93c8-c944aabfef4c,Trade,Buy,19.97,187,860
2025-07-24T02:26:13.7292953Z,40a2f1d8-414d-4664-a817-015c9b03f3b3,New,Sell,19.98,0,464
2025-07-24T02:26:13.7392953Z,226d10ff-9625-4ca5-a94a-389480b55dd8,Trade,Buy,19.97,188,0
2025-07-24T02:26:13.7392953Z,a92367c0-66a5-4073-93c8-c944aabfef4c,Trade,Buy,19.97,860,0
2025-07-24T02:26:13.7392953Z,78e3a35f-2c5b-4628-a749-1dcb301ac11b,Trade,Buy,19.97,44,2456
2025-07-24T02:26:13.7492953Z,fd23293c-f5e8-4f60-8f6c-f46b8a6223e7,Trade,Buy,19.96,1591,909
2025-07-24T02:26:13.7592953Z,3b2703ed-11e0-4e28-8e51-444a7e33ff61,New,Sell,19.98,0,1674
2025-07-24T02:26:13.7592953Z,f66aa1f3-252f-4bd4-b7c8-db886fbd2b8f,Cancel,Sell,20.02,0,0
2025-07-24T02:26:13.7692953Z,b8476b37-1ca4-4450-b671-69ddbaf7fc27,New,Sell,19.97,0,971
2025-07-24T02:26:13.7792953Z,b8476b37-1ca4-4450-b671-69ddbaf7fc27,Trade,Sell,19.97,971,0
2025-07-24T02:26:13.7792953Z,547e602d-3553-4ca1-a95e-17a9c7de8824,Trade,Sell,19.98,792,1708
2025-07-24T02:26:13.7892953Z,2342175e-29b3-4dd2-b8b2-4a604d0b2452,Trade,Buy,19.96,2500,0
2025-07-24T02:26:13.7892953Z,70dc3faa-e040-4d46-a4cf-274240b1aea0,Trade,Buy,19.95,2152,0
2025-07-24T02:26:13.7892953Z,970315b9-db5c-4ac0-98db-e7f68a1efb69,Trade,Buy,19.94,772,1080
2025-07-24T02:26:13.7892953Z,7efb97ba-a157-4946-b0d1-c315a0e25288,Cancel,Sell,20.10,0,0
2025-07-24T02:26:13.7992953Z,d12bb99f-071e-4140-9cfc-025b42948c61,New,Sell,19.96,0,16489
2025-07-24T02:26:13.8092953Z,52329203-b213-4fc6-9479-4b05ceb20924,New,Sell,19.96,0,3388
2025-07-24T02:26:13.8192953Z,d12bb99f-071e-4140-9cfc-025b42948c61,Trade,Sell,19.96,898,15591
2025-07-24T02:26:13.8192953Z,174998df-90e7-4f03-b90d-6671fc94e622,Cancel,Sell,20.09,0,0
2025-07-24T02:26:13.8292953Z,3f1ecbce-ca0a-4dda-8cb8-c246df275425,New,Sell,19.95,0,1096
2025-07-24T02:26:13.8392953Z,23466204-de99-4288-b09a-1737f9e975d0,New,Sell,19.95,0,638
2025-07-24T02:26:13.8492953Z,f4aad448-20bb-4dfd-809a-89956644164a,Trade,Buy,19.93,437,2063
2025-07-24T02:26:13.8592953Z,cc974738-a2d6-46fc-bcc9-09def3bc264d,New,Sell,19.95,0,1917
2025-07-24T02:26:13.8692953Z,478777ce-f0d9-4b95-b2bd-cc4b18edc0e0,New,Sell,19.95,0,8060
2025-07-24T02:26:13.8792953Z,0d0f894b-e03a-4d36-a52a-70b50f6c9e9a,Trade,Buy,19.93,539,1961
2025-07-24T02:26:13.8892953Z,3f43d070-eb78-4246-84cd-ac33f462ce46,Trade,Buy,19.93,1863,637
2025-07-24T02:26:13.8892953Z,d035a2b5-ea83-472c-b00f-7060c9e7f8f6,Cancel,Sell,20.01,0,0
2025-07-24T02:26:13.8992953Z,0219d403-2ce5-40da-bbc7-d22672d17893,New,Sell,19.96,0,1449
2025-07-24T02:26:13.9092953Z,4df77b76-cec1-43fa-9567-72ff69f9d3d9,Trade,Buy,19.93,2500,0
2025-07-24T02:26:13.9092953Z,2447f004-922a-4b06-b4e6-1c5119845a8d,Trade,Buy,19.93,616,400
2025-07-24T02:26:13.9192953Z,2447f004-922a-4b06-b4e6-1c5119845a8d,Trade,Buy,19.93,400,0
2025-07-24T02:26:13.9192953Z,4c711b06-e540-4586-8e0f-3d7af868bdab,Trade,Buy,19.93,2082,418
2025-07-24T02:26:13.9292953Z,4c711b06-e540-4586-8e0f-3d7af868bdab,Trade,Buy,19.93,418,0
2025-07-24T02:26:13.9292953Z,e55b50ef-0f0f-474a-906c-734513f35805,Trade,Buy,19.93,1551,531
2025-07-24T02:26:13.9392953Z,e55b50ef-0f0f-474a-906c-734513f35805,Trade,Buy,19.93,166,365
2025-07-24T02:26:13.9492953Z,266168d9-9b89-4e47-9a1a-405962fb57ea,Trade,Buy,19.93,1792,177
2025-07-24T02:26:13.9592953Z,a53bb892-8a35-49d9-8931-ed7f6fcae7c2,New,Buy,19.90,0,208
2025-07-24T02:26:13.9692953Z,e55b50ef-0f0f-474a-906c-734513f35805,Trade,Buy,19.93,365,0
2025-07-24T02:26:13.9692953Z,24ed5f06-3b48-4c8e-a39d-4340a46d7d9e,Trade,Buy,19.93,166,0
2025-07-24T02:26:13.9692953Z,266168d9-9b89-4e47-9a1a-405962fb57ea,Trade,Buy,19.93,177,0
2025-07-24T02:26:13.9692953Z,18300949-35bb-484d-af42-4c7d7fc5655e,Trade,Buy,19.93,386,1406
2025-07-24T02:26:13.9792953Z,3f1ecbce-ca0a-4dda-8cb8-c246df275425,Trade,Sell,19.95,1096,0
2025-07-24T02:26:13.9792953Z,23466204-de99-4288-b09a-1737f9e975d0,Trade,Sell,19.95,638,0
2025-07-24T02:26:13.9792953Z,cc974738-a2d6-46fc-bcc9-09def3bc264d,Trade,Sell,19.95,395,1522
2025-07-24T02:26:13.9892953Z,18300949-35bb-484d-af42-4c7d7fc5655e,Trade,Buy,19.93,1406,0
2025-07-24T02:26:13.9892953Z,52f01ecf-f669-46ea-8e53-282bed3e5898,Trade,Buy,19.93,1094,0
2025-07-24T02:26:13.9892953Z,0d8e8b59-6f63-43e2-8e1b-fd6b56fe2b7d,Trade,Buy,19.92,1370,782
2025-07-24T02:26:13.9992953Z,3a1d8cde-9f6f-416d-8055-e56bbbab44da,Trade,Buy,19.93,1077,1423
2025-07-24T02:26:14.0092953Z,62154736-ccb1-4746-b454-aefe2c7b42a4,New,Buy,19.93,0,452
2025-07-24T02:26:14.0192953Z,46dac242-a7b3-41ed-8e5e-6123b6d6f018,Trade,Sell,19.95,1278,1222
2025-07-24T02:26:14.0292953Z,62154736-ccb1-4746-b454-aefe2c7b42a4,Trade,Buy,19.93,452,0
2025-07-24T02:26:14.0292953Z,0cc9ea5e-3474-461b-8064-825bbcf04eda,Trade,Buy,19.93,30,2470
2025-07-24T02:26:14.0392953Z,f06a5fa7-ad94-4dae-bdd6-dcaf50f73026,New,Sell,19.94,0,1009
2025-07-24T02:26:14.0492953Z,4ed6173a-d529-4d7d-b19f-3134cefec418,Trade,Buy,19.92,174,2326
2025-07-24T02:26:14.0592953Z,f06a5fa7-ad94-4dae-bdd6-dcaf50f73026,Trade,Sell,19.94,1009,0
2025-07-24T02:26:14.0592953Z,0bac0d06-2c42-4f9b-be57-5bfe980f3b95,Trade,Sell,19.94,1523,977
2025-07-24T02:26:14.0692953Z,476018a5-a760-4f8e-9410-69e00f076810,Trade,Buy,19.92,1411,1089
2025-07-24T02:26:14.0792953Z,96e7074a-8d02-4d75-a33c-5d55cf7dccdc,New,Sell,19.95,0,563
2025-07-24T02:26:14.0792953Z,a211c847-e2a5-441d-9f6d-ee742f8bb41a,Cancel,Buy,19.86,0,0
2025-07-24T02:26:14.0892953Z,476018a5-a760-4f8e-9410-69e00f076810,Trade,Buy,19.92,209,880
2025-07-24T02:26:14.0992953Z,3e2f0a6a-88d4-461f-b5d0-5cfabb2fb035,Trade,Buy,19.92,799,612
2025-07-24T02:26:14.1092953Z,5a460cf5-0c7e-4e83-987d-14a7e97d86ee,New,Buy,19.93,0,178
2025-07-24T02:26:14.1192953Z,f3641e5e-80dc-4f2f-b016-e34eca0d2792,New,Buy,19.91,0,147
2025-07-24T02:26:14.1192953Z,a53bb892-8a35-49d9-8931-ed7f6fcae7c2,Cancel,Buy,19.90,0,0
2025-07-24T02:26:14.1292953Z,771929bc-8efe-4004-b04b-2cfac97b8840,Trade,Sell,19.95,1442,1058
2025-07-24T02:26:14.1392953Z,5a460cf5-0c7e-4e83-987d-14a7e97d86ee,Trade,Buy,19.93,178,0
2025-07-24T02:26:14.1392953Z,98001271-22c6-4ebb-b753-e5013c8c2f8c,Trade,Buy,19.93,2500,0
2025-07-24T02:26:14.1392953Z,c70efb4b-97a8-4c6a-85a8-b859540a6778,Trade,Buy,19.92,2152,0
2025-07-24T02:26:14.1392953Z,f3641e5e-80dc-4f2f-b016-e34eca0d2792,Trade,Buy,19.91,147,0
2025-07-24T02:26:14.1392953Z,f3dfdbe6-5157-4d9a-95ba-538cbee13d67,Trade,Buy,19.91,677,1175
2025-07-24T02:26:14.1492953Z,0cc01f50-2dba-4be5-a6e4-49154e618bc5,Trade,Buy,19.92,444,2056
2025-07-24T02:26:14.1592953Z,577136c5-0d0f-4528-816d-b459e1a8008e,New,Sell,19.93,0,754
2025-07-24T02:26:14.1692953Z,cb366ac4-76e0-44ea-974e-07a2434be051,Trade,Buy,19.91,614,1886
2025-07-24T02:26:14.1792953Z,6606ac6c-936c-4297-929e-5ab2c3a10328,New,Sell,19.92,0,994
2025-07-24T02:26:14.1892953Z,e66526a2-e06a-43b1-a964-8b124e0ea36c,New,Buy,19.91,0,812
2025-07-24T02:26:14.1992953Z,6606ac6c-936c-4297-929e-5ab2c3a10328,Trade,Sell,19.92,157,837
2025-07-24T02:26:14.1992953Z,0219d403-2ce5-40da-bbc7-d22672d17893,Cancel,Sell,19.96,0,0
2025-07-24T02:26:14.2092953Z,e66526a2-e06a-43b1-a964-8b124e0ea36c,Trade,Buy,19.91,812,0
2025-07-24T02:26:14.2092953Z,dbdbf650-29e5-4ab6-85a5-cb9b2a1c3d04,Trade,Buy,19.91,27,2473
2025-07-24T02:26:14.2192953Z,6606ac6c-936c-4297-929e-5ab2c3a10328,Trade,Sell,19.92,837,0
2025-07-24T02:26:14.2192953Z,341c55b3-5417-4414-9c0d-ef8b21b7b8d7,Trade,Sell,19.92,397,2103
2025-07-24T02:26:14.2192953Z,d6b746e4-d799-4449-be1a-99bfff8cdc32,Cancel,Sell,20.00,0,0
2025-07-24T02:26:14.2292953Z,849218cf-6674-4c26-8e77-d6cac06fdcaf,New,Sell,19.92,0,757
2025-07-24T02:26:14.2392953Z,772fed4e-a7e2-4b3b-b2f8-3536b2319a7d,New,Sell,19.92,0,654
2025-07-24T02:26:14.2392953Z,40a2f1d8-414d-4664-a817-015c9b03f3b3,Cancel,Sell,19.98,0,0
2025-07-24T02:26:14.2492953Z,c861ab1c-9c63-44c7-b7d9-19ca4b39886b,New,Sell,19.91,0,834
2025-07-24T02:26:14.2492953Z,6f1cc246-2a0c-4ad9-941c-ffebcebb097e,Cancel,Sell,20.02,0,0
2025-07-24T02:26:14.2592953Z,55c6f56e-94a9-41d7-be16-1efac242d9c3,New,Buy,19.90,0,1957
2025-07-24T02:26:14.2692953Z,c861ab1c-9c63-44c7-b7d9-19ca4b39886b,Trade,Sell,19.91,834,0
2025-07-24T02:26:14.2692953Z,773d6f2c-95b6-4f2b-bc70-6c2810fb9612,Trade,Sell,19.92,2500,0
2025-07-24T02:26:14.2692953Z,849218cf-6674-4c26-8e77-d6cac06fdcaf,Trade,Sell,19.92,757,0
2025-07-24T02:26:14.2692953Z,772fed4e-a7e2-4b3b-b2f8-3536b2319a7d,Trade,Sell,19.92,654,0
2025-07-24T02:26:14.2692953Z,4d03d1bf-dc40-4fab-b88b-215d5f26020e,Trade,Sell,19.93,2152,0
2025-07-24T02:26:14.2692953Z,577136c5-0d0f-4528-816d-b459e1a8008e,Trade,Sell,19.93,754,0
2025-07-24T02:26:14.2692953Z,66f16e73-a400-4fc3-843f-eb612ae23f57,Trade,Sell,19.94,128,1724
2025-07-24T02:26:14.2792953Z,3e2566a4-b592-4796-96cf-cfac2ffe9d0f,Trade,Buy,19.91,1334,1166
2025-07-24T02:26:14.2792953Z,52329203-b213-4fc6-9479-4b05ceb20924,Cancel,Sell,19.96,0,0
2025-07-24T02:26:14.2892953Z,13fd2eb4-c3ce-4dac-8aae-31afdf09a53e,New,Sell,19.94,0,2594
2025-07-24T02:26:14.2992953Z,e8040c06-b490-4f62-838c-56691046a27e,Trade,Sell,19.93,2500,0
2025-07-24T02:26:14.2992953Z,cf90708b-ccb8-42f7-a30e-88ff32376a3e,Trade,Sell,19.94,2099,53
2025-07-24T02:26:14.3092953Z,fd2de3ed-3539-4b64-ad73-f2b7a39b8fa6,New,Sell,19.94,0,1270
2025-07-24T02:26:14.3192953Z,407407a6-4d8c-47c1-8d2e-8631d2bcef31,New,Buy,19.92,0,5506
2025-07-24T02:26:14.3292953Z,407407a6-4d8c-47c1-8d2e-8631d2bcef31,Trade,Buy,19.92,1101,4405
2025-07-24T02:26:14.3392953Z,e110deb7-cfa7-4c7e-9cba-bc91b1915dfe,New,Sell,19.93,0,1711
2025-07-24T02:26:14.3492953Z,e110deb7-cfa7-4c7e-9cba-bc91b1915dfe,Trade,Sell,19.93,496,1215
2025-07-24T02:26:14.3592953Z,407407a6-4d8c-47c1-8d2e-8631d2bcef31,Trade,Buy,19.92,146,4259
2025-07-24T02:26:14.3592953Z,96e7074a-8d02-4d75-a33c-5d55cf7dccdc,Cancel,Sell,19.95,0,0
2025-07-24T02:26:14.3692953Z,e110deb7-cfa7-4c7e-9cba-bc91b1915dfe,Trade,Sell,19.93,869,346
2025-07-24T02:26:14.3692953Z,237fb9bf-5853-4cdb-bced-d3fba1c1772c,Cancel,Sell,20.02,0,0
2025-07-24T02:26:14.3792953Z,08addaab-4c7b-4033-9d1a-8d23a9f6782c,New,Sell,19.96,0,3771
2025-07-24T02:26:14.3892953Z,668b31f8-b3cd-4619-bb8c-eea96806948e,New,Sell,19.93,0,2128
2025-07-24T02:26:14.3992953Z,407407a6-4d8c-47c1-8d2e-8631d2bcef31,Trade,Buy,19.92,650,3609
2025-07-24T02:26:14.4092953Z,b211d81c-397e-441e-a91f-1b466c94f885,New,Buy,19.92,0,855
2025-07-24T02:26:14.4092953Z,f77f34e4-8085-4090-b217-3d09dad6423c,Cancel,Sell,19.94,0,0
2025-07-24T02:26:14.4192953Z,407407a6-4d8c-47c1-8d2e-8631d2bcef31,Trade,Buy,19.92,762,2847
2025-07-24T02:26:14.4292953Z,368bed0c-0cd1-4fd1-8eea-283cdad8bfd2,New,Buy,19.90,0,1007
2025-07-24T02:26:14.4392953Z,78eb94e7-61e7-4c48-9ec0-f548c40770a2,New,Buy,19.90,0,569
2025-07-24T02:26:14.4392953Z,b258414d-c8d3-415b-a758-6b32c55a375c,Cancel,Sell,19.99,0,0
2025-07-24T02:26:14.4492953Z,b211d81c-397e-441e-a91f-1b466c94f885,Trade,Buy,19.92,855,0
2025-07-24T02:26:14.4492953Z,407407a6-4d8c-47c1-8d2e-8631d2bcef31,Trade,Buy,19.92,1684,1163
2025-07-24T02:26:14.4592953Z,47031a8d-4e17-45d9-a7f1-cab588bb0ff3,New,Sell,19.93,0,268
2025-07-24T02:26:14.4692953Z,407407a6-4d8c-47c1-8d2e-8631d2bcef31,Trade,Buy,19.92,227,936
2025-07-24T02:26:14.4792953Z,80124155-7792-4740-906b-54b9a87fec62,New,Sell,19.94,0,856
2025-07-24T02:26:14.4792953Z,e5ee9d8f-2fae-49f9-afd6-97e0b608db8d,Cancel,Buy,19.89,0,0
2025-07-24T02:26:14.4792953Z,0ec3fbb2-c015-4133-8979-57c2d86c10cc,Cancel,Sell,20.02,0,0
2025-07-24T02:26:14.4892953Z,d69a6c01-d8c0-432d-b8d1-c84587f7c4a0,New,Sell,19.93,0,3075
2025-07-24T02:26:14.4892953Z,78eb94e7-61e7-4c48-9ec0-f548c40770a2,Cancel,Buy,19.90,0,0
2025-07-24T02:26:14.4992953Z,17d94324-c4c2-47c4-a476-5cb2dc566f99,New,Sell,19.93,0,2880
2025-07-24T02:26:14.4992953Z,84ba9ca0-9abd-4a03-9074-3441e71df482,Cancel,Buy,19.84,0,0
2025-07-24T02:26:14.5092953Z,fc164a94-8c8a-4914-b5dd-045cfdbffcdd,New,Sell,19.94,0,362
2025-07-24T02:26:14.5192953Z,66166742-d072-4411-b1b5-df98d59a2bdc,New,Sell,19.93,0,328
2025-07-24T02:26:14.5292953Z,f6d6958c-43d6-42e6-94f9-482cf4c024b0,New,Sell,19.93,0,1236
2025-07-24T02:26:14.5392953Z,e110deb7-cfa7-4c7e-9cba-bc91b1915dfe,Trade,Sell,19.93,346,0
2025-07-24T02:26:14.5392953Z,668b31f8-b3cd-4619-bb8c-eea96806948e,Trade,Sell,19.93,1445,683
2025-07-24T02:26:14.5492953Z,407407a6-4d8c-47c1-8d2e-8631d2bcef31,Trade,Buy,19.92,936,0
2025-07-24T02:26:14.5492953Z,af2daf55-10e0-4d68-a108-e48c884a5649,Trade,Buy,19.92,318,2182
2025-07-24T02:26:14.5592953Z,09d3ef98-2568-427d-b7ef-3aad5d8fc40b,New,Sell,19.94,0,973
2025-07-24T02:26:14.5692953Z,7d5c0902-f3b3-4b31-8eed-e641f4977d62,New,Sell,19.93,0,1105
2025-07-24T02:26:14.5792953Z,47031a8d-4e17-45d9-a7f1-cab588bb0ff3,Trade,Sell,19.93,268,0
2025-07-24T02:26:14.5792953Z,d69a6c01-d8c0-432d-b8d1-c84587f7c4a0,Trade,Sell,19.93,319,2756
2025-07-24T02:26:14.5892953Z,17d94324-c4c2-47c4-a476-5cb2dc566f99,Trade,Sell,19.93,2880,0
2025-07-24T02:26:14.5892953Z,66166742-d072-4411-b1b5-df98d59a2bdc,Trade,Sell,19.93,328,0
2025-07-24T02:26:14.5892953Z,f6d6958c-43d6-42e6-94f9-482cf4c024b0,Trade,Sell,19.93,76,1160
2025-07-24T02:26:14.5992953Z,d88842df-f615-4e74-bd56-3a1719941968,Trade,Buy,19.91,1290,1210
2025-07-24T02:26:14.6092953Z,22395912-a33b-490b-8574-3b15e0acaa51,New,Sell,19.94,0,1180
2025-07-24T02:26:14.6192953Z,9f03b4b8-5c85-4e26-a809-68cb39eebf1f,New,Sell,19.94,0,832
2025-07-24T02:26:14.6192953Z,e9174b69-7114-406b-a64e-9a424fd5b0a9,Cancel,Sell,20.00,0,0
2025-07-24T02:26:14.6292953Z,d80b9d6a-8454-467c-8d7d-b30d4ea6a092,Trade,Buy,19.91,1113,1387
2025-07-24T02:26:14.6392953Z,6646e73e-eade-4824-8b98-1402bcf4db18,New,Sell,19.94,0,4813
2025-07-24T02:26:14.6492953Z,a0dafabb-5985-4ad2-bf3a-e2f15c062825,New,Buy,19.90,0,279
2025-07-24T02:26:14.6592953Z,c5114ef4-0584-4dbe-97af-cd3509ab5b20,New,Sell,19.94,0,113
2025-07-24T02:26:14.6592953Z,ce103e6c-abf7-4967-88e5-588630e075ee,Cancel,Buy,19.88,0,0
2025-07-24T02:26:14.6692953Z,7f9c2902-61c9-497c-b9f6-68c9401b6462,New,Sell,19.95,0,1492
2025-07-24T02:26:14.6792953Z,134cf94f-7c65-49c2-973b-3cc91d48b9aa,New,Sell,19.93,0,858
2025-07-24T02:26:14.6892953Z,0fb27e4d-ed08-41fe-a4ff-c82034ce1aa7,New,Sell,19.93,0,3264
2025-07-24T02:26:14.6992953Z,37e3af3f-d5d2-4b9e-9518-1dd2df2639b7,Trade,Buy,19.91,2500,0
2025-07-24T02:26:14.6992953Z,428d855f-ee06-47c9-98d9-3259bab7085d,Trade,Buy,19.90,1983,169
2025-07-24T02:26:14.7092953Z,5f91e8fe-e09f-4986-a08a-39861eac7c42,Trade,Buy,19.91,2500,0
2025-07-24T02:26:14.7092953Z,55c6f56e-94a9-41d7-be16-1efac242d9c3,Trade,Buy,19.90,1435,522
2025-07-24T02:26:14.7192953Z,7ea1249d-e947-4f1b-9d56-c035d81db002,New,Sell,19.93,0,1190
2025-07-24T02:26:14.7292953Z,6c8378fe-d17a-49e7-82bd-2e17fad52506,New,Sell,19.93,0,1205
2025-07-24T02:26:14.7392953Z,e31d98ce-17a1-431b-aa1e-2e9f4b97171f,Trade,Buy,19.90,973,1527
2025-07-24T02:26:14.7492953Z,299a8c86-1c02-4a56-b1fa-2f51f4c1c677,Trade,Sell,19.92,1419,1081
2025-07-24T02:26:14.7592953Z,3b2401da-630c-4aee-8bf3-c753732a596d,New,Sell,19.92,0,1197
2025-07-24T02:26:14.7692953Z,21827017-bf63-4036-982e-789c823b0396,New,Buy,19.89,0,347
2025-07-24T02:26:14.7792953Z,3c33211f-6da4-465d-a247-148aa6e5c308,Trade,Buy,19.90,1204,1296
2025-07-24T02:26:14.7892953Z,0599f130-2080-4713-b34e-188dd7c0dc81,Trade,Buy,19.90,667,1833
2025-07-24T02:26:14.7892953Z,5422e9e2-e0f7-4b74-b378-45e954d077a9,Cancel,Sell,19.96,0,0
2025-07-24T02:26:14.7992953Z,beca54e4-56c4-4430-840a-ade9bccd91be,New,Sell,19.92,0,938
2025-07-24T02:26:14.8092953Z,b2bf6caf-dee2-4e0a-92fd-fe042cd7df80,New,Sell,19.92,0,6152
2025-07-24T02:26:14.8192953Z,7819ecb0-ad03-42f9-bf51-942491f2e5b0,New,Sell,19.93,0,518
2025-07-24T02:26:14.8192953Z,134cf94f-7c65-49c2-973b-3cc91d48b9aa,Cancel,Sell,19.93,0,0
2025-07-24T02:26:14.8292953Z,c97afcd4-2b0d-4295-8470-85c22d9ed732,New,Sell,19.93,0,197
2025-07-24T02:26:14.8392953Z,69983e47-5fde-42dc-958a-941f10f12722,Trade,Buy,19.90,1113,1387
2025-07-24T02:26:14.8492953Z,5f03ce2d-2f5b-4d3b-ac08-822496462dd0,New,Buy,19.91,0,1287
2025-07-24T02:26:14.8492953Z,adf9cbf7-6482-4671-961c-c024eab1944e,Cancel,Sell,20.03,0,0
2025-07-24T02:26:14.8592953Z,731defb1-67ff-4bc0-9185-83e1c69eb268,New,Buy,19.90,0,221
2025-07-24T02:26:14.8692953Z,b7f82ba3-bacd-45a8-8991-e6d5e316da27,New,Sell,19.92,0,6442
2025-07-24T02:26:14.8692953Z,8595633c-06ef-48e1-8c88-087c68794073,Cancel,Buy,19.86,0,0
2025-07-24T02:26:14.8792953Z,6d33ea31-ef60-4a7f-8c45-7d887307983a,New,Buy,19.88,0,863
2025-07-24T02:26:14.8892953Z,5f03ce2d-2f5b-4d3b-ac08-822496462dd0,Trade,Buy,19.91,1287,0
2025-07-24T02:26:14.8892953Z,af3ff455-e785-4e12-af86-0eb7b91983ea,Trade,Buy,19.91,54,2446
2025-07-24T02:26:14.8992953Z,a7fad4d8-1001-44c0-a273-50b4811d8543,Trade,Buy,19.90,2484,16
2025-07-24T02:26:14.9092953Z,5af09b9a-21ff-4583-b368-c8d8925c298a,Trade,Buy,19.90,1560,940
2025-07-24T02:26:14.9192953Z,f18819b4-9578-4980-b5ad-5bca1cb5cc0d,New,Buy,19.90,0,1550
2025-07-24T02:26:14.9292953Z,a7d7b3c2-a67f-4edb-bd2b-abfb966cf25c,Trade,Buy,19.90,1196,1304
2025-07-24T02:26:14.9292953Z,aa4abce8-1908-47b8-9ea9-a4dd0283078f,Cancel,Sell,20.08,0,0
2025-07-24T02:26:14.9392953Z,460ea23d-2260-4626-b4e0-dc8b65e26733,New,Sell,19.92,0,2442
2025-07-24T02:26:14.9492953Z,17c2cb2d-dbe6-4600-bd1c-daf7896979af,New,Sell,19.93,0,236
2025-07-24T02:26:14.9492953Z,08addaab-4c7b-4033-9d1a-8d23a9f6782c,Cancel,Sell,19.96,0,0
2025-07-24T02:26:14.9592953Z,3b2401da-630c-4aee-8bf3-c753732a596d,Trade,Sell,19.92,186,1011
2025-07-24T02:26:14.9692953Z,c64894c0-322f-4c07-a3b1-4711b5f22f46,Trade,Buy,19.90,512,1988
2025-07-24T02:26:14.9792953Z,1fcfbef2-83c0-4491-b891-d38d12bec07e,New,Buy,19.88,0,2548
2025-07-24T02:26:14.9892953Z,a0b5878d-27a7-4d13-9f0b-fbc66e246b60,New,Sell,19.91,0,824
2025-07-24T02:26:14.9992953Z,368bed0c-0cd1-4fd1-8eea-283cdad8bfd2,Trade,Buy,19.90,1007,0
2025-07-24T02:26:14.9992953Z,a0dafabb-5985-4ad2-bf3a-e2f15c062825,Trade,Buy,19.90,279,0
2025-07-24T02:26:14.9992953Z,55c6f56e-94a9-41d7-be16-1efac242d9c3,Trade,Buy,19.90,522,0
2025-07-24T02:26:14.9992953Z,731defb1-67ff-4bc0-9185-83e1c69eb268,Trade,Buy,19.90,221,0
2025-07-24T02:26:14.9992953Z,f18819b4-9578-4980-b5ad-5bca1cb5cc0d,Trade,Buy,19.90,1550,0
2025-07-24T02:26:14.9992953Z,fa92ec7a-7bf5-43bd-826b-ce347c2e9a48,Trade,Buy,19.90,209,2291
2025-07-24T02:26:14.9992953Z,e1ab526d-75d4-4d22-a9f4-c897caf16de4,Cancel,Buy,19.81,0,0
2025-07-24T02:26:15.0092953Z,dd0d3cf7-c3b9-4d78-ad5f-1db049b77f00,Trade,Buy,19.89,1209,1291
2025-07-24T02:26:15.0192953Z,78d7fbe4-4ca6-45b6-8925-2521269ab5a3,Trade,Buy,19.89,2500,0
2025-07-24T02:26:15.0192953Z,21827017-bf63-4036-982e-789c823b0396,Trade,Buy,19.89,347,0
2025-07-24T02:26:15.0192953Z,8739af16-05ce-4941-88c7-bda0e354e2d0,Trade,Buy,19.88,1060,1092
2025-07-24T02:26:15.0292953Z,7cd67c02-3d38-4d88-b966-837603b9d001,New,Buy,19.87,0,905
2025-07-24T02:26:15.0392953Z,e82c97ed-9a88-455e-add1-83a96891dc8e,Trade,Buy,19.89,286,2214
2025-07-24T02:26:15.0492953Z,68275a3d-c2d1-40aa-9731-d9711581c6a0,New,Buy,19.88,0,421
2025-07-24T02:26:15.0592953Z,1ff1935b-b2d5-4a04-9ca6-1165c36af921,New,Buy,19.89,0,462
2025-07-24T02:26:15.0692953Z,e7f12eed-20b8-4223-90f8-3be308330576,New,Sell,19.91,0,56
2025-07-24T02:26:15.0792953Z,1ff1935b-b2d5-4a04-9ca6-1165c36af921,Trade,Buy,19.89,462,0
2025-07-24T02:26:15.0792953Z,d0d1fcf6-d3f6-4ed7-97e6-017f0a59a14e,Trade,Buy,19.89,1629,871
2025-07-24T02:26:15.0892953Z,142ad1af-d43e-44a0-87b4-d86039bfedfd,New,Sell,19.91,0,2364
2025-07-24T02:26:15.0992953Z,552df782-497b-4c19-8446-dc976e768b12,New,Buy,19.86,0,7751
2025-07-24T02:26:15.1092953Z,84cc494e-d1cd-488a-b238-d2610bfaeec1,Trade,Sell,19.91,1062,1438
2025-07-24T02:26:15.1192953Z,eeaba8d1-487a-4b7e-9c2a-9838cb0076af,New,Buy,19.89,0,7170
2025-07-24T02:26:15.1292953Z,c29d3d4c-7101-433d-a39d-e94073b5dc67,Trade,Sell,19.91,1550,950
2025-07-24T02:26:15.1392953Z,d53c7571-b3f1-4d28-8d7f-cf372b680098,New,Sell,19.92,0,1217
2025-07-24T02:26:15.1492953Z,eeaba8d1-487a-4b7e-9c2a-9838cb0076af,Trade,Buy,19.89,382,6788
2025-07-24T02:26:15.1592953Z,94c50f3b-e7fa-462c-b6c7-6258caafdfb2,New,Sell,19.90,0,703
2025-07-24T02:26:15.1692953Z,eeaba8d1-487a-4b7e-9c2a-9838cb0076af,Trade,Buy,19.89,2488,4300
2025-07-24T02:26:15.1792953Z,cf63a2c4-1cc9-4c9f-8a7c-df5168d5b7f4,New,Buy,19.88,0,1680
2025-07-24T02:26:15.1892953Z,13599b85-52ff-4fa9-87d7-13cba0df03f7,New,Buy,19.87,0,2285
2025-07-24T02:26:15.1992953Z,eeaba8d1-487a-4b7e-9c2a-9838cb0076af,Trade,Buy,19.89,4300,0
2025-07-24T02:26:15.1992953Z,2f060515-fe4d-4e85-bd71-4a1a1105c9bb,Trade,Buy,19.89,2500,0
2025-07-24T02:26:15.1992953Z,6d33ea31-ef60-4a7f-8c45-7d887307983a,Trade,Buy,19.88,274,589
2025-07-24T02:26:15.2092953Z,94c50f3b-e7fa-462c-b6c7-6258caafdfb2,Trade,Sell,19.90,703,0
2025-07-24T02:26:15.2092953Z,f3a2ed28-68bb-4e23-8b84-0c83c658d18e,Trade,Sell,19.90,2500,0
2025-07-24T02:26:15.2092953Z,a0b5878d-27a7-4d13-9f0b-fbc66e246b60,Trade,Sell,19.91,824,0
2025-07-24T02:26:15.2092953Z,e7f12eed-20b8-4223-90f8-3be308330576,Trade,Sell,19.91,56,0
2025-07-24T02:26:15.2092953Z,142ad1af-d43e-44a0-87b4-d86039bfedfd,Trade,Sell,19.91,2364,0
2025-07-24T02:26:15.2092953Z,d311dd9c-40de-4389-b195-bac1fc474149,Trade,Sell,19.91,2152,0
2025-07-24T02:26:15.2092953Z,beca54e4-56c4-4430-840a-ade9bccd91be,Trade,Sell,19.92,749,189
2025-07-24T02:26:15.2192953Z,9e1e71a6-1c8d-423c-8261-f5b1f91ea822,New,Sell,19.92,0,1205
2025-07-24T02:26:15.2292953Z,8d7f261e-7abc-4ddd-9ee4-d2787724a563,Trade,Sell,19.91,580,1920
2025-07-24T02:26:15.2392953Z,9a48b4ab-eb81-4a38-bbc6-afc046c2a9f2,Trade,Buy,19.89,792,1708
2025-07-24T02:26:15.2492953Z,67d10357-5d4d-48c8-b167-8f997d1c17dc,New,Buy,19.89,0,2737
2025-07-24T02:26:15.2592953Z,f25efd5d-e590-402c-8c77-403337e7097d,New,Sell,19.91,0,309
2025-07-24T02:26:15.2692953Z,9a48b4ab-eb81-4a38-bbc6-afc046c2a9f2,Trade,Buy,19.89,327,1381
2025-07-24T02:26:15.2692953Z,7cd67c02-3d38-4d88-b966-837603b9d001,Cancel,Buy,19.87,0,0
2025-07-24T02:26:15.2792953Z,ddc29de4-11e0-4734-b18f-64ba4ef0e26e,New,Sell,19.90,0,463
2025-07-24T02:26:15.2892953Z,ddc29de4-11e0-4734-b18f-64ba4ef0e26e,Trade,Sell,19.90,463,0
2025-07-24T02:26:15.2892953Z,fac388d1-64fc-480d-9393-90bb1fd82b4e,Trade,Sell,19.91,2500,0
2025-07-24T02:26:15.2892953Z,f25efd5d-e590-402c-8c77-403337e7097d,Trade,Sell,19.91,258,51
2025-07-24T02:26:15.2892953Z,13fd2eb4-c3ce-4dac-8aae-31afdf09a53e,Cancel,Sell,19.94,0,0
2025-07-24T02:26:15.2892953Z,1edaf902-0942-462a-95f4-37fac714d914,Cancel,Sell,20.01,0,0
2025-07-24T02:26:15.2892953Z,b2bf6caf-dee2-4e0a-92fd-fe042cd7df80,Cancel,Sell,19.92,0,0
2025-07-24T02:26:15.2892953Z,6646e73e-eade-4824-8b98-1402bcf4db18,Cancel,Sell,19.94,0,0
2025-07-24T02:26:15.2992953Z,f25efd5d-e590-402c-8c77-403337e7097d,Trade,Sell,19.91,51,0
2025-07-24T02:26:15.2992953Z,650a0f7f-9153-4a2b-af88-a5a6beff2e00,Trade,Sell,19.91,633,1867
2025-07-24T02:26:15.3092953Z,cdf4fb78-522c-4c4a-b0c7-9805e5c8172b,New,Buy,19.89,0,749
2025-07-24T02:26:15.3192953Z,67d10357-5d4d-48c8-b167-8f997d1c17dc,Trade,Buy,19.89,2737,0
2025-07-24T02:26:15.3192953Z,7ccdccdf-a05f-4cc2-97e9-15a7fd66c4e8,Trade,Buy,19.89,2500,0
2025-07-24T02:26:15.3192953Z,cdf4fb78-522c-4c4a-b0c7-9805e5c8172b,Trade,Buy,19.89,721,28
2025-07-24T02:26:15.3292953Z,cdf4fb78-522c-4c4a-b0c7-9805e5c8172b,Trade,Buy,19.89,28,0
2025-07-24T02:26:15.3292953Z,8d89c633-c9d4-4dd6-b883-c08d40ad17f5,Trade,Buy,19.89,1653,847
2025-07-24T02:26:15.3392953Z,27a12f81-e484-4e6b-9296-0540fcff11be,New,Sell,19.92,0,537
2025-07-24T02:26:15.3392953Z,5decb0e1-b92c-46e0-93e1-2fccfac38f20,Cancel,Sell,20.02,0,0
2025-07-24T02:26:15.3492953Z,123fe947-1e5e-4e80-b81c-196a8ddb8288,New,Sell,19.90,0,3464
2025-07-24T02:26:15.3592953Z,48fc8383-c58b-4d12-8890-71dfad309abf,New,Sell,19.92,0,116
2025-07-24T02:26:15.3692953Z,db0b132b-8f94-48d8-b535-f789e82dba9b,New,Buy,19.88,0,514
2025-07-24T02:26:15.3692953Z,27a12f81-e484-4e6b-9296-0540fcff11be,Cancel,Sell,19.92,0,0
2025-07-24T02:26:15.3792953Z,123fe947-1e5e-4e80-b81c-196a8ddb8288,Trade,Sell,19.90,3464,0
2025-07-24T02:26:15.3792953Z,fee8dc2e-c4e0-472b-afe9-f36b76cb0731,Trade,Sell,19.90,908,1592
2025-07-24T02:26:15.3892953Z,390c7161-951d-407d-b511-cd0e6697d3de,New,Sell,19.90,0,2415
2025-07-24T02:26:15.3992953Z,efae2b92-0695-4e72-a43e-eee4cbb18c7f,New,Sell,19.89,0,1506
2025-07-24T02:26:15.4092953Z,70afb679-c19e-4bbe-8ab3-372dd8d28646,New,Sell,19.90,0,30972
2025-07-24T02:26:15.4192953Z,efae2b92-0695-4e72-a43e-eee4cbb18c7f,Trade,Sell,19.89,1506,0
2025-07-24T02:26:15.4192953Z,4cc38207-d39d-4d9d-af70-b46e43175a60,Trade,Sell,19.90,2500,0
2025-07-24T02:26:15.4192953Z,390c7161-951d-407d-b511-cd0e6697d3de,Trade,Sell,19.90,382,2033
2025-07-24T02:26:15.4292953Z,70afb679-c19e-4bbe-8ab3-372dd8d28646,Trade,Sell,19.90,307,30665
2025-07-24T02:26:15.4392953Z,1fcfbef2-83c0-4491-b891-d38d12bec07e,Trade,Buy,19.88,350,2198
2025-07-24T02:26:15.4392953Z,48fc8383-c58b-4d12-8890-71dfad309abf,Cancel,Sell,19.92,0,0
2025-07-24T02:26:15.4492953Z,0008b158-7ac5-4d5f-bfc8-72227ccdd3fe,New,Sell,19.91,0,268
2025-07-24T02:26:15.4592953Z,2b9d8b4c-f987-4b67-baa8-0e94e4da1f5e,New,Buy,19.88,0,830
2025-07-24T02:26:15.4692953Z,43c2007e-f65b-4d57-ad59-ca84d5741541,New,Sell,19.91,0,357
2025-07-24T02:26:15.4692953Z,f6d6958c-43d6-42e6-94f9-482cf4c024b0,Cancel,Sell,19.93,0,0
2025-07-24T02:26:15.4792953Z,68275a3d-c2d1-40aa-9731-d9711581c6a0,Trade,Buy,19.88,421,0
2025-07-24T02:26:15.4792953Z,cf63a2c4-1cc9-4c9f-8a7c-df5168d5b7f4,Trade,Buy,19.88,302,1378
2025-07-24T02:26:15.4892953Z,6d33ea31-ef60-4a7f-8c45-7d887307983a,Trade,Buy,19.88,589,0
2025-07-24T02:26:15.4892953Z,db0b132b-8f94-48d8-b535-f789e82dba9b,Trade,Buy,19.88,81,433
2025-07-24T02:26:15.4992953Z,390c7161-951d-407d-b511-cd0e6697d3de,Trade,Sell,19.90,2033,0
2025-07-24T02:26:15.4992953Z,d657a6ae-76d1-4e2f-891e-e349ff6e5e25,Trade,Sell,19.90,2243,257
2025-07-24T02:26:15.5092953Z,92fc25c8-00db-4ee0-bb58-02dc0b615408,Trade,Buy,19.88,497,2003
2025-07-24T02:26:15.5092953Z,76c453ce-d31c-4caf-acb1-5ac4f6d6f2d9,Cancel,Buy,19.83,0,0
2025-07-24T02:26:15.5192953Z,1fcfbef2-83c0-4491-b891-d38d12bec07e,Trade,Buy,19.88,1097,1101
2025-07-24T02:26:15.5192953Z,d69a6c01-d8c0-432d-b8d1-c84587f7c4a0,Cancel,Sell,19.93,0,0
2025-07-24T02:26:15.5292953Z,2b9d8b4c-f987-4b67-baa8-0e94e4da1f5e,Trade,Buy,19.88,830,0
2025-07-24T02:26:15.5292953Z,cf63a2c4-1cc9-4c9f-8a7c-df5168d5b7f4,Trade,Buy,19.88,271,1107
2025-07-24T02:26:15.5292953Z,7ea1249d-e947-4f1b-9d56-c035d81db002,Cancel,Sell,19.93,0,0
2025-07-24T02:26:15.5392953Z,fd5b46d4-07c4-4c54-9219-f6cb00bd157c,New,Sell,19.90,0,399
2025-07-24T02:26:15.5392953Z,92fc25c8-00db-4ee0-bb58-02dc0b615408,Cancel,Buy,19.88,0,0
2025-07-24T02:26:15.5492953Z,db0b132b-8f94-48d8-b535-f789e82dba9b,Trade,Buy,19.88,295,138
2025-07-24T02:26:15.5592953Z,0070a11e-e6c1-422d-a8e7-23f502e3a427,Trade,Buy,19.88,219,278
2025-07-24T02:26:15.5692953Z,1fcfbef2-83c0-4491-b891-d38d12bec07e,Trade,Buy,19.88,1101,0
2025-07-24T02:26:15.5692953Z,cf63a2c4-1cc9-4c9f-8a7c-df5168d5b7f4,Trade,Buy,19.88,348,759
2025-07-24T02:26:15.5792953Z,2d47e208-779f-40f0-8552-8fd67b000dd8,Trade,Buy,19.88,1222,781
2025-07-24T02:26:15.5892953Z,cdf46ca3-5efc-4955-aa84-600f327ccee7,New,Sell,19.91,0,377
2025-07-24T02:26:15.5992953Z,db0b132b-8f94-48d8-b535-f789e82dba9b,Trade,Buy,19.88,138,0
2025-07-24T02:26:15.5992953Z,0070a11e-e6c1-422d-a8e7-23f502e3a427,Trade,Buy,19.88,278,0
2025-07-24T02:26:15.5992953Z,b699e2a1-e74c-401b-99be-ae7eabb4d2a2,Trade,Buy,19.88,219,0
2025-07-24T02:26:15.5992953Z,cf63a2c4-1cc9-4c9f-8a7c-df5168d5b7f4,Trade,Buy,19.88,627,132
2025-07-24T02:26:15.6092953Z,70afb679-c19e-4bbe-8ab3-372dd8d28646,Trade,Sell,19.90,11553,19112
2025-07-24T02:26:15.6192953Z,2cde6ed6-6bec-4e1c-92a6-ee9eb1d882c5,New,Sell,19.89,0,219
2025-07-24T02:26:15.6292953Z,2cde6ed6-6bec-4e1c-92a6-ee9eb1d882c5,Trade,Sell,19.89,219,0
2025-07-24T02:26:15.6292953Z,97cae53d-4f5f-4845-844d-cdddc14ce659,Trade,Sell,19.90,915,1585
2025-07-24T02:26:15.6392953Z,bb005116-d0df-482d-a171-0b974bd5016b,New,Sell,19.92,0,636
2025-07-24T02:26:15.6492953Z,95c0b958-75d3-4ad3-8ed9-b0e900f5641f,Trade,Sell,19.90,2500,0
2025-07-24T02:26:15.6492953Z,fd5b46d4-07c4-4c54-9219-f6cb00bd157c,Trade,Sell,19.90,399,0
2025-07-24T02:26:15.6492953Z,70afb679-c19e-4bbe-8ab3-372dd8d28646,Trade,Sell,19.90,1415,17697
2025-07-24T02:26:15.6592953Z,e05d503c-e541-40ca-9b71-2804014b7d5f,New,Sell,19.89,0,335
2025-07-24T02:26:15.6692953Z,9bc23795-6aed-442d-8c3a-1a880a6a7234,New,Buy,19.87,0,7839
2025-07-24T02:26:15.6792953Z,cf63a2c4-1cc9-4c9f-8a7c-df5168d5b7f4,Trade,Buy,19.88,132,0
2025-07-24T02:26:15.6792953Z,e36cbd10-d8a8-4e8d-9d0b-34a6fdc827b1,Trade,Buy,19.88,1488,1012
2025-07-24T02:26:15.6892953Z,e05d503c-e541-40ca-9b71-2804014b7d5f,Trade,Sell,19.89,335,0
2025-07-24T02:26:15.6892953Z,2b46b6c4-80f2-417b-ab65-1acb2bd8b71d,Trade,Sell,19.89,1200,1300
2025-07-24T02:26:15.6992953Z,349b6813-54d4-4f68-844d-3c040af568fa,Trade,Buy,19.87,782,1718
2025-07-24T02:26:15.7092953Z,2b46b6c4-80f2-417b-ab65-1acb2bd8b71d,Trade,Sell,19.89,1300,0
2025-07-24T02:26:15.7092953Z,eeb7e3e1-5269-46db-a64d-7625fd192d2d,Trade,Sell,19.89,236,964
2025-07-24T02:26:15.7192953Z,eeb7e3e1-5269-46db-a64d-7625fd192d2d,Trade,Sell,19.89,815,149
2025-07-24T02:26:15.7292953Z,3a99398b-a5ba-4de3-a071-517054b08d12,New,Sell,19.91,0,2411
2025-07-24T02:26:15.7392953Z,349b6813-54d4-4f68-844d-3c040af568fa,Trade,Buy,19.87,397,1321
2025-07-24T02:26:15.7492953Z,3a087c22-aad1-4ddd-905e-6198ff6eb024,Trade,Buy,19.87,782,0
2025-07-24T02:26:15.7492953Z,349b6813-54d4-4f68-844d-3c040af568fa,Trade,Buy,19.87,249,1072
2025-07-24T02:26:15.7492953Z,b7f82ba3-bacd-45a8-8991-e6d5e316da27,Cancel,Sell,19.92,0,0
2025-07-24T02:26:15.7492953Z,eeb7e3e1-5269-46db-a64d-7625fd192d2d,Cancel,Sell,19.89,0,0
2025-07-24T02:26:15.7592953Z,8a144dad-a44c-4363-a454-39f30666ba14,New,Sell,19.91,0,120
2025-07-24T02:26:15.7692953Z,0ecb54b3-aa67-45af-b6d5-0d24f5a45b33,Trade,Sell,19.89,479,1057
2025-07-24T02:26:15.7792953Z,c0a8be4c-fa70-4162-8761-af049add1fa1,New,Buy,19.85,0,110
2025-07-24T02:26:15.7792953Z,92b210c3-e516-413a-91d1-cf42516a60b6,Cancel,Sell,19.96,0,0
2025-07-24T02:26:15.7892953Z,fa5a35d1-04a2-47e7-9ae9-e1633df5b7dc,New,Sell,19.90,0,1105
2025-07-24T02:26:15.7992953Z,62ba1202-7c15-4752-9585-6badf3f370d4,Trade,Sell,19.89,492,323
2025-07-24T02:26:15.8092953Z,3cba94b3-e9fe-4735-9bef-07e7ca0e76f2,Trade,Buy,19.87,397,0
2025-07-24T02:26:15.8092953Z,349b6813-54d4-4f68-844d-3c040af568fa,Trade,Buy,19.87,1072,0
2025-07-24T02:26:15.8092953Z,927f1aa6-2a5b-42f4-a386-ac5f77abb726,Trade,Buy,19.87,1031,0
2025-07-24T02:26:15.8092953Z,13599b85-52ff-4fa9-87d7-13cba0df03f7,Trade,Buy,19.87,2285,0
2025-07-24T02:26:15.8092953Z,9bc23795-6aed-442d-8c3a-1a880a6a7234,Trade,Buy,19.87,7316,523
2025-07-24T02:26:15.8092953Z,1ec94ad2-e960-4971-a5f0-4455904d4137,Cancel,Sell,19.98,0,0
2025-07-24T02:26:15.8192953Z,6ead4820-a65b-4c47-80c5-4a51782f902b,Trade,Sell,19.89,1298,1202
2025-07-24T02:26:15.8192953Z,cdf46ca3-5efc-4955-aa84-600f327ccee7,Cancel,Sell,19.91,0,0
2025-07-24T02:26:15.8292953Z,772e0b5b-ca8b-4f0d-a99d-fe60c885de57,New,Sell,19.90,0,533
2025-07-24T02:26:15.8392953Z,ac841326-fb63-4c48-b02d-dbca818c1ba1,Trade,Buy,19.87,2106,394
2025-07-24T02:26:15.8492953Z,fe60b669-4731-4978-8922-b3488852fe1e,New,Buy,19.86,0,1424
2025-07-24T02:26:15.8492953Z,3b2703ed-11e0-4e28-8e51-444a7e33ff61,Cancel,Sell,19.98,0,0
2025-07-24T02:26:15.8592953Z,816deeb1-163f-4438-b79e-29fbb37e2141,New,Sell,19.90,0,368
2025-07-24T02:26:15.8692953Z,ac841326-fb63-4c48-b02d-dbca818c1ba1,Trade,Buy,19.87,394,0
2025-07-24T02:26:15.8692953Z,8710e290-d278-4ea8-ae10-98a15085e4f3,Trade,Buy,19.87,15,2091
2025-07-24T02:26:15.8792953Z,45ff3b79-629b-4c4a-b090-cb17dd03eba4,New,Buy,19.87,0,264
2025-07-24T02:26:15.8892953Z,8710e290-d278-4ea8-ae10-98a15085e4f3,Trade,Buy,19.87,2091,0
2025-07-24T02:26:15.8892953Z,44e2813f-8e6b-4e68-bd51-869db387a951,Trade,Buy,19.87,409,0
2025-07-24T02:26:15.8892953Z,9bc23795-6aed-442d-8c3a-1a880a6a7234,Trade,Buy,19.87,523,0
2025-07-24T02:26:15.8892953Z,45ff3b79-629b-4c4a-b090-cb17dd03eba4,Trade,Buy,19.87,264,0
2025-07-24T02:26:15.8892953Z,02908ec0-2a7b-481d-9045-d7126cfdc0e3,Trade,Buy,19.86,2152,0
2025-07-24T02:26:15.8892953Z,552df782-497b-4c19-8446-dc976e768b12,Trade,Buy,19.86,1464,6287
2025-07-24T02:26:15.8992953Z,4185707b-6f5f-44c8-a562-cbde588e720e,Trade,Sell,19.89,2500,0
2025-07-24T02:26:15.8992953Z,6f1e833c-e60e-49d0-b097-e59bd6aa7a69,Trade,Sell,19.90,2152,0
2025-07-24T02:26:15.8992953Z,70afb679-c19e-4bbe-8ab3-372dd8d28646,Trade,Sell,19.90,957,16740
2025-07-24T02:26:15.9092953Z,d171d5a9-d427-456f-9e41-0d3dcc11726b,Trade,Buy,19.87,1194,1306
2025-07-24T02:26:15.9092953Z,772e0b5b-ca8b-4f0d-a99d-fe60c885de57,Cancel,Sell,19.90,0,0
2025-07-24T02:26:15.9192953Z,5eaa92cc-326a-4e9a-854b-36e4ea85052c,New,Sell,19.90,0,1628
2025-07-24T02:26:15.9192953Z,f6d1a33b-214d-4d29-af1d-4faeeedf173b,Cancel,Sell,20.00,0,0
2025-07-24T02:26:15.9292953Z,8f962956-36e8-44ab-8be0-6f50f55e9fdf,New,Sell,19.90,0,1198
2025-07-24T02:26:15.9292953Z,d54cda42-2102-442d-994f-f5d42a083e5a,Cancel,Buy,19.87,0,0
2025-07-24T02:26:15.9392953Z,d171d5a9-d427-456f-9e41-0d3dcc11726b,Trade,Buy,19.87,1306,0
2025-07-24T02:26:15.9392953Z,4c90b1ce-4dc4-4a03-80f3-8465006b391d,Trade,Buy,19.87,1194,0
2025-07-24T02:26:15.9392953Z,70875512-9887-48fe-aba8-4c4079eab032,Trade,Buy,19.86,2152,0
2025-07-24T02:26:15.9392953Z,fe60b669-4731-4978-8922-b3488852fe1e,Trade,Buy,19.86,1424,0
2025-07-24T02:26:15.9392953Z,552df782-497b-4c19-8446-dc976e768b12,Trade,Buy,19.86,964,5323
2025-07-24T02:26:15.9492953Z,3328e349-6206-4f1f-8331-b5b731021c8e,New,Buy,19.86,0,2471
2025-07-24T02:26:15.9592953Z,00a30954-61f9-4146-94ef-d7b84f99a6ef,New,Sell,19.88,0,239
2025-07-24T02:26:15.9592953Z,c4f9890b-9e2c-4c5c-b1ad-a8a9feffa5f5,Cancel,Sell,19.99,0,0
2025-07-24T02:26:15.9692953Z,be5fe289-94a4-467e-9258-f2cb973916f6,New,Sell,19.88,0,4262
2025-07-24T02:26:15.9792953Z,00a30954-61f9-4146-94ef-d7b84f99a6ef,Trade,Sell,19.88,239,0
2025-07-24T02:26:15.9792953Z,be5fe289-94a4-467e-9258-f2cb973916f6,Trade,Sell,19.88,76,4186
2025-07-24T02:26:15.9892953Z,9739f76e-5e1c-4fc7-8ae4-24dcbc90d7da,New,Sell,19.88,0,9383
2025-07-24T02:26:15.9992953Z,62499969-00e3-47e8-a063-45de335c8859,Trade,Buy,19.86,1969,531
2025-07-24T02:26:15.9992953Z,fc164a94-8c8a-4914-b5dd-045cfdbffcdd,Cancel,Sell,19.94,0,0
2025-07-24T02:26:16.0092953Z,7c32f6e8-9c0d-44e3-a651-c7fa3b48c9a4,New,Buy,19.86,0,227
2025-07-24T02:26:16.0192953Z,b904ab90-2c35-4080-a410-f8214d242241,Trade,Buy,19.86,613,1887
2025-07-24T02:26:16.0292953Z,be5fe289-94a4-467e-9258-f2cb973916f6,Trade,Sell,19.88,2770,1416
2025-07-24T02:26:16.0292953Z,63424aa9-c24a-4498-816d-4d96803e03bf,Cancel,Buy,19.86,0,0
2025-07-24T02:26:16.0392953Z,8c610bb3-6581-4c00-a845-84d670334d1e,New,Sell,19.90,0,1494
2025-07-24T02:26:16.0492953Z,552df782-497b-4c19-8446-dc976e768b12,Trade,Buy,19.86,1093,4230
2025-07-24T02:26:16.0492953Z,ca7852a8-5d5b-4037-92e8-6d06abae6f04,Cancel,Buy,19.83,0,0
2025-07-24T02:26:16.0592953Z,3328e349-6206-4f1f-8331-b5b731021c8e,Trade,Buy,19.86,435,2036
2025-07-24T02:26:16.0692953Z,9739f76e-5e1c-4fc7-8ae4-24dcbc90d7da,Trade,Sell,19.88,311,9072
2025-07-24T02:26:16.0792953Z,7c32f6e8-9c0d-44e3-a651-c7fa3b48c9a4,Trade,Buy,19.86,92,135
2025-07-24T02:26:16.0792953Z,668b31f8-b3cd-4619-bb8c-eea96806948e,Cancel,Sell,19.93,0,0
2025-07-24T02:26:16.0892953Z,be5fe289-94a4-467e-9258-f2cb973916f6,Trade,Sell,19.88,764,652
2025-07-24T02:26:16.0992953Z,7979087b-f17c-456b-a947-1e1dd245c9ab,New,Buy,19.86,0,2300
2025-07-24T02:26:16.1092953Z,ed627b33-20b7-41d7-849c-36858c8c7f95,Trade,Buy,19.86,2500,0
2025-07-24T02:26:16.1092953Z,552df782-497b-4c19-8446-dc976e768b12,Trade,Buy,19.86,4230,0
2025-07-24T02:26:16.1092953Z,3328e349-6206-4f1f-8331-b5b731021c8e,Trade,Buy,19.86,2036,0
2025-07-24T02:26:16.1092953Z,7c32f6e8-9c0d-44e3-a651-c7fa3b48c9a4,Trade,Buy,19.86,135,0
2025-07-24T02:26:16.1092953Z,7979087b-f17c-456b-a947-1e1dd245c9ab,Trade,Buy,19.86,2300,0
2025-07-24T02:26:16.1092953Z,c0a8be4c-fa70-4162-8761-af049add1fa1,Trade,Buy,19.85,110,0
2025-07-24T02:26:16.1092953Z,d861a0d9-e6ff-42cf-82b8-bc9c5e7370ce,Trade,Buy,19.85,1913,239
2025-07-24T02:26:16.1192953Z,e089f57c-26bd-4cc3-89cf-020e89731461,New,Sell,19.87,0,1124
2025-07-24T02:26:16.1192953Z,0fb27e4d-ed08-41fe-a4ff-c82034ce1aa7,Cancel,Sell,19.93,0,0
2025-07-24T02:26:16.1192953Z,1bcd186f-1ccd-4ea5-b852-651a8c0a5cd0,Cancel,Sell,19.96,0,0
2025-07-24T02:26:16.1292953Z,e089f57c-26bd-4cc3-89cf-020e89731461,Trade,Sell,19.87,1124,0
2025-07-24T02:26:16.1292953Z,14afa32b-c12e-4b13-82c3-20d1d65f79a5,Trade,Sell,19.87,2500,0
2025-07-24T02:26:16.1292953Z,9739f76e-5e1c-4fc7-8ae4-24dcbc90d7da,Trade,Sell,19.88,9072,0
2025-07-24T02:26:16.1292953Z,be5fe289-94a4-467e-9258-f2cb973916f6,Trade,Sell,19.88,652,0
2025-07-24T02:26:16.1292953Z,87016d30-a0ab-41aa-8528-2be081560abe,Trade,Sell,19.88,2152,0
2025-07-24T02:26:16.1292953Z,4e8b02b4-6a7e-4a12-94dc-51fe30c7070a,Trade,Sell,19.89,1852,0
2025-07-24T02:26:16.1292953Z,fa5a35d1-04a2-47e7-9ae9-e1633df5b7dc,Trade,Sell,19.90,1105,0
2025-07-24T02:26:16.1292953Z,816deeb1-163f-4438-b79e-29fbb37e2141,Trade,Sell,19.90,368,0
2025-07-24T02:26:16.1292953Z,70afb679-c19e-4bbe-8ab3-372dd8d28646,Trade,Sell,19.90,8983,7757
2025-07-24T02:26:16.1392953Z,1717bd95-aed5-400a-a13d-c0bf35bbb769,New,Sell,19.92,0,1632
2025-07-24T02:26:16.1392953Z,43c2007e-f65b-4d57-ad59-ca84d5741541,Cancel,Sell,19.91,0,0
2025-07-24T02:26:16.1492953Z,1ceef786-9292-4a1a-a410-0985460d715b,New,Sell,19.88,0,368
2025-07-24T02:26:16.1592953Z,b67ca027-f317-4b1f-8804-c25f08c4b1fb,Trade,Buy,19.86,595,1905
2025-07-24T02:26:16.1692953Z,3be1563f-dfdb-41f4-bd59-7902118cb9a2,New,Buy,19.87,0,1123
2025-07-24T02:26:16.1792953Z,637b1e92-5f8a-4869-a56d-0a76b59eaa3b,New,Sell,19.90,0,79
2025-07-24T02:26:16.1892953Z,1ceef786-9292-4a1a-a410-0985460d715b,Trade,Sell,19.88,368,0
2025-07-24T02:26:16.1892953Z,0ede15b0-ae1d-4410-9847-eb8ce7a3d50e,Trade,Sell,19.89,257,2243
2025-07-24T02:26:16.1992953Z,0af37dbf-aaf5-4e9e-ad75-755a53270b83,New,Sell,19.89,0,1378
2025-07-24T02:26:16.2092953Z,add32b07-077d-43c8-9ccc-a8bcc2906bb9,Trade,Sell,19.89,2500,0
2025-07-24T02:26:16.2092953Z,0af37dbf-aaf5-4e9e-ad75-755a53270b83,Trade,Sell,19.89,292,1086
2025-07-24T02:26:16.2192953Z,d1dc22b2-6492-4a51-b112-a48cfb1cf842,New,Sell,19.88,0,5711
2025-07-24T02:26:16.2292953Z,3be1563f-dfdb-41f4-bd59-7902118cb9a2,Trade,Buy,19.87,1123,0
2025-07-24T02:26:16.2292953Z,a99d8339-7416-468c-a72b-f533789f7cb9,Trade,Buy,19.87,2500,0
2025-07-24T02:26:16.2292953Z,3edc3e79-b32e-4fca-87dd-38450f44acd9,Trade,Buy,19.86,937,1215
2025-07-24T02:26:16.2392953Z,fbe49df3-5821-4e02-92b0-f38ffbfc8626,Trade,Buy,19.86,2275,225
2025-07-24T02:26:16.2492953Z,81b8e5aa-9fdb-49d4-8991-0a0b8116fd67,New,Sell,19.87,0,239
2025-07-24T02:26:16.2492953Z,610079e1-927a-4844-844b-c1ceb44c1fce,Cancel,Buy,19.77,0,0
2025-07-24T02:26:16.2592953Z,1f6e09c6-87c6-4f4e-8ead-adebaf308f3c,New,Buy,19.85,0,1150
2025-07-24T02:26:16.2592953Z,fd2de3ed-3539-4b64-ad73-f2b7a39b8fa6,Cancel,Sell,19.94,0,0
2025-07-24T02:26:16.2692953Z,700b5052-5c32-433e-a83e-b3da725679ee,Trade,Buy,19.85,1796,704
2025-07-24T02:26:16.2792953Z,221b4ff3-48ee-4281-a9e8-23e935d1ad9f,Trade,Buy,19.85,717,1783
2025-07-24T02:26:16.2892953Z,e609e1f0-a150-4177-9f09-681f1ab6dfb7,New,Sell,19.86,0,18
2025-07-24T02:26:16.2992953Z,a666a300-5a87-4b27-bf84-4bfc70114866,New,Buy,19.84,0,748
2025-07-24T02:26:16.2992953Z,478777ce-f0d9-4b95-b2bd-cc4b18edc0e0,Cancel,Sell,19.95,0,0
2025-07-24T02:26:16.3092953Z,1f6e09c6-87c6-4f4e-8ead-adebaf308f3c,Trade,Buy,19.85,386,764
2025-07-24T02:26:16.3092953Z,6d3730d9-5c12-41df-8e5e-044e4f76e5fc,Cancel,Sell,19.92,0,0
2025-07-24T02:26:16.3192953Z,159a031d-098e-4db6-81aa-e20020cc73b6,New,Sell,19.88,0,1556
2025-07-24T02:26:16.3292953Z,1f6e09c6-87c6-4f4e-8ead-adebaf308f3c,Trade,Buy,19.85,347,417
2025-07-24T02:26:16.3392953Z,e609e1f0-a150-4177-9f09-681f1ab6dfb7,Trade,Sell,19.86,18,0
2025-07-24T02:26:16.3392953Z,0cd46efd-5dc7-4bbf-acc9-fcd5aa4f3806,Trade,Sell,19.87,243,2257
2025-07-24T02:26:16.3492953Z,0426195d-78c6-4592-b27b-6a50204a8d49,New,Sell,19.88,0,82
2025-07-24T02:26:16.3592953Z,b370ea6e-581a-4cf8-a9f6-6737cfa8f05d,New,Buy,19.85,0,14501
2025-07-24T02:26:16.3592953Z,558f3624-ce4e-4550-8477-999d97796069,Cancel,Sell,20.02,0,0
2025-07-24T02:26:16.3592953Z,80124155-7792-4740-906b-54b9a87fec62,Cancel,Sell,19.94,0,0
2025-07-24T02:26:16.3692953Z,77dea846-0c49-4cd5-a083-0a7f94862cb8,Trade,Sell,19.87,459,2041
2025-07-24T02:26:16.3692953Z,b0f975c2-a5b6-4996-b551-6af79ae4e6b1,Cancel,Sell,20.01,0,0
2025-07-24T02:26:16.3792953Z,41f1dd88-6824-4aea-b12c-c2fb70e9d721,New,Sell,19.86,0,218
2025-07-24T02:26:16.3892953Z,41f1dd88-6824-4aea-b12c-c2fb70e9d721,Trade,Sell,19.86,218,0
2025-07-24T02:26:16.3892953Z,5d4a9abb-af3c-42fa-a527-9b783cf84b55,Trade,Sell,19.87,605,1895
2025-07-24T02:26:16.3992953Z,1f6e09c6-87c6-4f4e-8ead-adebaf308f3c,Trade,Buy,19.85,417,0
2025-07-24T02:26:16.3992953Z,b370ea6e-581a-4cf8-a9f6-6737cfa8f05d,Trade,Buy,19.85,2434,12067
2025-07-24T02:26:16.4092953Z,dda86ef6-5817-4924-9406-4e44d94038ec,Trade,Sell,19.87,448,2052
2025-07-24T02:26:16.4192953Z,ff608143-0b7a-4952-adda-43ac457f0470,New,Buy,19.85,0,6203
2025-07-24T02:26:16.4292953Z,b03d1bb9-003c-42fe-80a7-c107ea272012,New,Buy,19.83,0,7065
2025-07-24T02:26:16.4392953Z,7b0bdd11-c4ea-4ad1-b371-c89ac24e5e38,Trade,Sell,19.87,2431,69
2025-07-24T02:26:16.4492953Z,fac736ce-a8b9-4684-85be-c78f8184a849,New,Buy,19.84,0,3562
2025-07-24T02:26:16.4592953Z,ac447234-a621-4524-89ab-89cb63a63580,Trade,Sell,19.87,659,1841
2025-07-24T02:26:16.4692953Z,6654d8ef-72d2-42fc-839e-956789624456,New,Buy,19.85,0,2546
2025-07-24T02:26:16.4792953Z,1a86ae9b-d995-4e3b-b0ae-0bb3ef79a261,Trade,Sell,19.87,270,2230
2025-07-24T02:26:16.4892953Z,853a862d-a863-4c5f-8187-8ea148fc206d,Trade,Sell,19.87,343,2157
2025-07-24T02:26:16.4992953Z,0122b6fd-a226-452a-bbd4-a536b1eb5cb3,New,Buy,19.86,0,1084
2025-07-24T02:26:16.5092953Z,c73b2db3-2ed0-4abc-a949-4da17d1f68d1,New,Buy,19.86,0,735
2025-07-24T02:26:16.5092953Z,70afb679-c19e-4bbe-8ab3-372dd8d28646,Cancel,Sell,19.90,0,0
2025-07-24T02:26:16.5192953Z,0122b6fd-a226-452a-bbd4-a536b1eb5cb3,Trade,Buy,19.86,1084,0
2025-07-24T02:26:16.5192953Z,c73b2db3-2ed0-4abc-a949-4da17d1f68d1,Trade,Buy,19.86,735,0
2025-07-24T02:26:16.5192953Z,0d054978-1152-4db5-b4a1-85c03d17506b,Trade,Buy,19.86,2500,0
2025-07-24T02:26:16.5192953Z,b370ea6e-581a-4cf8-a9f6-6737cfa8f05d,Trade,Buy,19.85,356,11711
2025-07-24T02:26:16.5292953Z,c6b6f615-b29c-45df-be2c-aeb6f0b0d06d,New,Buy,19.85,0,680
2025-07-24T02:26:16.5392953Z,7b4e4e92-16b7-4b2c-ba42-9b6517e4f5ba,New,Buy,19.85,0,413
2025-07-24T02:26:16.5492953Z,b4a1bc4f-d0a6-4bd0-b5b8-cdf236f87fb7,New,Sell,19.86,0,234
2025-07-24T02:26:16.5592953Z,26ef8d44-2789-46af-a3be-56ede4581aae,New,Sell,19.86,0,317
2025-07-24T02:26:16.5692953Z,ff608143-0b7a-4952-adda-43ac457f0470,Trade,Buy,19.85,876,5327
2025-07-24T02:26:16.5792953Z,6654d8ef-72d2-42fc-839e-956789624456,Trade,Buy,19.85,145,2401
2025-07-24T02:26:16.5892953Z,9dbff713-fe9a-44bc-b13d-5e11201cd5d2,New,Sell,19.86,0,1625
2025-07-24T02:26:16.5892953Z,17c2cb2d-dbe6-4600-bd1c-daf7896979af,Cancel,Sell,19.93,0,0
2025-07-24T02:26:16.5892953Z,c97afcd4-2b0d-4295-8470-85c22d9ed732,Cancel,Sell,19.93,0,0
2025-07-24T02:26:16.5992953Z,caff80c5-3d3a-4cd4-88dd-1d93fa56147b,New,Sell,19.86,0,6034
2025-07-24T02:26:16.6092953Z,b370ea6e-581a-4cf8-a9f6-6737cfa8f05d,Trade,Buy,19.85,809,10902
2025-07-24T02:26:16.6192953Z,88738d36-2639-4957-a7cd-79f2c8a6ee4e,New,Buy,19.83,0,956
2025-07-24T02:26:16.6292953Z,c6b6f615-b29c-45df-be2c-aeb6f0b0d06d,Trade,Buy,19.85,680,0
2025-07-24T02:26:16.6292953Z,7b4e4e92-16b7-4b2c-ba42-9b6517e4f5ba,Trade,Buy,19.85,413,0
2025-07-24T02:26:16.6292953Z,ff608143-0b7a-4952-adda-43ac457f0470,Trade,Buy,19.85,5327,0
2025-07-24T02:26:16.6292953Z,6654d8ef-72d2-42fc-839e-956789624456,Trade,Buy,19.85,1997,404
2025-07-24T02:26:16.6292953Z,6f6aa4ef-d4a1-4036-9978-5b2233a07fa6,Cancel,Sell,19.87,0,0
2025-07-24T02:26:16.6392953Z,eaf77359-c3ad-4bdd-a1bf-a59195754d12,New,Buy,19.85,0,1509
2025-07-24T02:26:16.6492953Z,14034425-9fb4-4cfa-828e-1e48fa5c7455,New,Sell,19.86,0,2878
2025-07-24T02:26:16.6492953Z,39c8a2eb-7cd9-4fe6-bb28-0741bb27d2a2,Cancel,Buy,19.77,0,0
2025-07-24T02:26:16.6492953Z,c0f63bab-0418-4691-b696-d0aced97c415,Cancel,Buy,19.76,0,0
2025-07-24T02:26:16.6592953Z,b4a1bc4f-d0a6-4bd0-b5b8-cdf236f87fb7,Trade,Sell,19.86,234,0
2025-07-24T02:26:16.6592953Z,26ef8d44-2789-46af-a3be-56ede4581aae,Trade,Sell,19.86,158,159
2025-07-24T02:26:16.6692953Z,4e1c0019-65c1-4d79-89e1-15d7629767fb,New,Sell,19.86,0,4660
2025-07-24T02:26:16.6792953Z,925b45f7-d0b1-4f76-a108-210d3c556a8e,New,Sell,19.90,0,2551
2025-07-24T02:26:16.6892953Z,b370ea6e-581a-4cf8-a9f6-6737cfa8f05d,Trade,Buy,19.85,2840,8062
2025-07-24T02:26:16.6992953Z,a2fb6365-9cae-47d1-859d-9873862e1d0b,New,Buy,19.85,0,895
2025-07-24T02:26:16.7092953Z,9dbff713-fe9a-44bc-b13d-5e11201cd5d2,Trade,Sell,19.86,1132,493
2025-07-24T02:26:16.7092953Z,09d3ef98-2568-427d-b7ef-3aad5d8fc40b,Cancel,Sell,19.94,0,0
2025-07-24T02:26:16.7192953Z,caff80c5-3d3a-4cd4-88dd-1d93fa56147b,Trade,Sell,19.86,747,5287
2025-07-24T02:26:16.7292953Z,6654d8ef-72d2-42fc-839e-956789624456,Trade,Buy,19.85,404,0
2025-07-24T02:26:16.7292953Z,eaf77359-c3ad-4bdd-a1bf-a59195754d12,Trade,Buy,19.85,76,1433
2025-07-24T02:26:16.7392953Z,26a7bed1-091a-4e92-a047-127846b1e75e,New,Buy,19.84,0,960
2025-07-24T02:26:16.7492953Z,b370ea6e-581a-4cf8-a9f6-6737cfa8f05d,Trade,Buy,19.85,528,7534
2025-07-24T02:26:16.7492953Z,31c8f915-32ae-4f34-ac9d-d51d34bb21a4,Cancel,Sell,19.99,0,0
2025-07-24T02:26:16.7592953Z,a2fb6365-9cae-47d1-859d-9873862e1d0b,Trade,Buy,19.85,895,0
2025-07-24T02:26:16.7592953Z,eaf77359-c3ad-4bdd-a1bf-a59195754d12,Trade,Buy,19.85,1433,0
2025-07-24T02:26:16.7592953Z,b370ea6e-581a-4cf8-a9f6-6737cfa8f05d,Trade,Buy,19.85,1453,6081
2025-07-24T02:26:16.7692953Z,14034425-9fb4-4cfa-828e-1e48fa5c7455,Trade,Sell,19.86,1252,1626
2025-07-24T02:26:16.7792953Z,90315406-d219-42c5-8e98-f8c85e7d1f45,New,Sell,19.89,0,524
2025-07-24T02:26:16.7892953Z,01a95f8d-d1ea-4f16-badc-42b73da8eb08,New,Sell,19.87,0,1367
2025-07-24T02:26:16.7892953Z,3dd89316-5d62-417c-ba18-52250639d3ec,Cancel,Sell,19.92,0,0
2025-07-24T02:26:16.7992953Z,b370ea6e-581a-4cf8-a9f6-6737cfa8f05d,Trade,Buy,19.85,6081,0
2025-07-24T02:26:16.7992953Z,8be9efaf-4ded-443e-85a7-2d5564029b14,Trade,Buy,19.85,1940,560
2025-07-24T02:26:16.8092953Z,7c1ea135-1e50-4df3-a805-17d41f12eabe,Trade,Buy,19.84,386,2114
2025-07-24T02:26:16.8192953Z,53a1cbd4-b990-42cc-8ee1-53405d2bb1f7,New,Sell,19.87,0,377
2025-07-24T02:26:16.8192953Z,81b8e5aa-9fdb-49d4-8991-0a0b8116fd67,Cancel,Sell,19.87,0,0
2025-07-24T02:26:16.8292953Z,62c00979-69ca-42e8-a1b7-e16ddc2cc0c9,Trade,Buy,19.84,2500,0
2025-07-24T02:26:16.8292953Z,a666a300-5a87-4b27-bf84-4bfc70114866,Trade,Buy,19.84,748,0
2025-07-24T02:26:16.8292953Z,fac736ce-a8b9-4684-85be-c78f8184a849,Trade,Buy,19.84,3081,481
2025-07-24T02:26:16.8392953Z,26ef8d44-2789-46af-a3be-56ede4581aae,Trade,Sell,19.86,159,0
2025-07-24T02:26:16.8392953Z,4e1c0019-65c1-4d79-89e1-15d7629767fb,Trade,Sell,19.86,253,4407
2025-07-24T02:26:16.8392953Z,2e0b5e84-a516-4863-9cc2-18c4f3cb83ed,Cancel,Buy,19.83,0,0
2025-07-24T02:26:16.8492953Z,3e50b8c0-f9ac-4e88-b501-0cd042b2d955,New,Buy,19.84,0,1840
2025-07-24T02:26:16.8592953Z,26a7bed1-091a-4e92-a047-127846b1e75e,Trade,Buy,19.84,873,87
2025-07-24T02:26:16.8692953Z,fac736ce-a8b9-4684-85be-c78f8184a849,Trade,Buy,19.84,481,0
2025-07-24T02:26:16.8692953Z,70590155-684d-492b-88c3-06ba437db391,Trade,Buy,19.84,685,1815
2025-07-24T02:26:16.8792953Z,9dbff713-fe9a-44bc-b13d-5e11201cd5d2,Trade,Sell,19.86,493,0
2025-07-24T02:26:16.8792953Z,caff80c5-3d3a-4cd4-88dd-1d93fa56147b,Trade,Sell,19.86,5287,0
2025-07-24T02:26:16.8792953Z,14034425-9fb4-4cfa-828e-1e48fa5c7455,Trade,Sell,19.86,1626,0
2025-07-24T02:26:16.8792953Z,85e51bc6-3bcf-47a6-afe6-cc442bdadcfa,Trade,Sell,19.86,412,2088
2025-07-24T02:26:16.8892953Z,3e50b8c0-f9ac-4e88-b501-0cd042b2d955,Trade,Buy,19.84,1336,504
2025-07-24T02:26:16.8892953Z,8f962956-36e8-44ab-8be0-6f50f55e9fdf,Cancel,Sell,19.90,0,0
2025-07-24T02:26:16.8992953Z,a88395df-a5af-4863-8ed3-b396c42e7440,New,Sell,19.87,0,486
2025-07-24T02:26:16.8992953Z,3bb56126-e51d-42ec-85a6-55185cc92044,Cancel,Sell,20.01,0,0
2025-07-24T02:26:16.9092953Z,672dce64-45c9-4041-b19d-99f393887a5f,New,Buy,19.84,0,620
2025-07-24T02:26:16.9192953Z,4e1c0019-65c1-4d79-89e1-15d7629767fb,Trade,Sell,19.86,361,4046
2025-07-24T02:26:16.9292953Z,85e51bc6-3bcf-47a6-afe6-cc442bdadcfa,Trade,Sell,19.86,667,1421
2025-07-24T02:26:16.9292953Z,8d4e8c6e-9ab7-4e59-b430-1d5b32699e61,Cancel,Buy,19.79,0,0
2025-07-24T02:26:16.9292953Z,159a031d-098e-4db6-81aa-e20020cc73b6,Cancel,Sell,19.88,0,0
2025-07-24T02:26:16.9392953Z,70590155-684d-492b-88c3-06ba437db391,Trade,Buy,19.84,1459,356
2025-07-24T02:26:16.9392953Z,26a7bed1-091a-4e92-a047-127846b1e75e,Cancel,Buy,19.84,0,0
2025-07-24T02:26:16.9492953Z,d707f337-1bf4-4d66-ae78-2057c264fe65,Trade,Buy,19.84,338,347
2025-07-24T02:26:16.9592953Z,11ba4dff-538f-4f8f-bfcb-c8ebd1c08083,New,Buy,19.82,0,1908
2025-07-24T02:26:16.9692953Z,24b3444d-5f4e-42f8-bdbe-a898eea6f03a,Trade,Sell,19.86,412,0
2025-07-24T02:26:16.9692953Z,4e1c0019-65c1-4d79-89e1-15d7629767fb,Trade,Sell,19.86,1046,3000
2025-07-24T02:26:16.9792953Z,3e50b8c0-f9ac-4e88-b501-0cd042b2d955,Trade,Buy,19.84,504,0
2025-07-24T02:26:16.9792953Z,672dce64-45c9-4041-b19d-99f393887a5f,Trade,Buy,19.84,91,529
2025-07-24T02:26:16.9792953Z,85e51bc6-3bcf-47a6-afe6-cc442bdadcfa,Cancel,Sell,19.86,0,0
2025-07-24T02:26:16.9892953Z,70590155-684d-492b-88c3-06ba437db391,Trade,Buy,19.84,356,0
2025-07-24T02:26:16.9892953Z,6ab62f28-b740-4db8-b22d-13f3eaebb7f6,Trade,Buy,19.84,196,1263
2025-07-24T02:26:16.9992953Z,7f8fb1e3-28ea-4bb8-bc3c-6da56a925c6d,New,Buy,19.85,0,6216
2025-07-24T02:26:17.0092953Z,d5ef397e-a7f0-4066-b926-33f7205f0c6d,New,Sell,19.88,0,683
2025-07-24T02:26:17.0192953Z,4e1c0019-65c1-4d79-89e1-15d7629767fb,Trade,Sell,19.86,384,2616
2025-07-24T02:26:17.0192953Z,a4dabd10-8b6b-4c34-bb98-0d67402dcb7a,Cancel,Buy,19.83,0,0
2025-07-24T02:26:17.0292953Z,c8143f46-b22d-41bc-8401-2e1f00b03411,New,Sell,19.88,0,7360
2025-07-24T02:26:17.0392953Z,602ee1df-8163-4896-a2db-fadd4470cdee,New,Sell,19.86,0,585
2025-07-24T02:26:17.0492953Z,4e1c0019-65c1-4d79-89e1-15d7629767fb,Trade,Sell,19.86,2186,430
2025-07-24T02:26:17.0592953Z,1b30cf0a-51c4-426b-a875-15fdad680f8d,New,Sell,19.87,0,1167
2025-07-24T02:26:17.0692953Z,7f8fb1e3-28ea-4bb8-bc3c-6da56a925c6d,Trade,Buy,19.85,1313,4903
2025-07-24T02:26:17.0792953Z,ac7c8cea-dffa-4b04-a1ff-7837775d0b14,New,Buy,19.85,0,7817
2025-07-24T02:26:17.0892953Z,b3d88b22-96de-489c-90f7-e6e455ae14ae,New,Buy,19.85,0,1639
2025-07-24T02:26:17.0892953Z,44e264cd-95e6-4aa2-bb0f-f561395a9646,Cancel,Sell,19.96,0,0
2025-07-24T02:26:17.0992953Z,67558d83-924a-48db-bbb4-b7ff844e9335,New,Sell,19.87,0,16025
2025-07-24T02:26:17.1092953Z,358ad87a-bee7-44b9-b520-18ff992ba74e,New,Sell,19.87,0,2085
2025-07-24T02:26:17.1192953Z,ec0147de-bd48-42d9-a489-ba417318ae10,New,Buy,19.85,0,2987
2025-07-24T02:26:17.1192953Z,0008b158-7ac5-4d5f-bfc8-72227ccdd3fe,Cancel,Sell,19.91,0,0
2025-07-24T02:26:17.1292953Z,118cf92d-0660-4b28-aed1-fed01c476342,New,Sell,19.87,0,737
2025-07-24T02:26:17.1392953Z,602ee1df-8163-4896-a2db-fadd4470cdee,Trade,Sell,19.86,585,0
2025-07-24T02:26:17.1392953Z,4e1c0019-65c1-4d79-89e1-15d7629767fb,Trade,Sell,19.86,430,0
2025-07-24T02:26:17.1392953Z,1a394e54-f9bc-4176-98d5-f9b8c76acd4a,Trade,Sell,19.87,91,2409
2025-07-24T02:26:17.1492953Z,7f8fb1e3-28ea-4bb8-bc3c-6da56a925c6d,Trade,Buy,19.85,377,4526
2025-07-24T02:26:17.1592953Z,204cc520-c6ff-4136-b366-862680646c8d,New,Sell,19.89,0,374
2025-07-24T02:26:17.1692953Z,1e61fa5c-3153-438c-96ad-6b2012430ec7,New,Sell,19.88,0,418
2025-07-24T02:26:17.1792953Z,5206c239-3eef-4bf4-a4a1-92dfc05afcaa,Trade,Sell,19.87,1643,857
2025-07-24T02:26:17.1792953Z,637b1e92-5f8a-4869-a56d-0a76b59eaa3b,Cancel,Sell,19.90,0,0
2025-07-24T02:26:17.1892953Z,9ad6456e-252c-45e2-8104-f45b03e7fc7f,New,Sell,19.88,0,3129
2025-07-24T02:26:17.1992953Z,f8e025b5-c270-4809-aa54-4bbb736a6087,Trade,Sell,19.87,2500,0
2025-07-24T02:26:17.1992953Z,01a95f8d-d1ea-4f16-badc-42b73da8eb08,Trade,Sell,19.87,190,1177
2025-07-24T02:26:17.2092953Z,cc3f390d-9720-4b29-bbd5-2e13b9007fa2,New,Sell,19.89,0,2749
2025-07-24T02:26:17.2192953Z,16741274-03b2-494d-aef0-2ebb36a3d4ec,New,Buy,19.83,0,2424
2025-07-24T02:26:17.2192953Z,7819ecb0-ad03-42f9-bf51-942491f2e5b0,Cancel,Sell,19.93,0,0
2025-07-24T02:26:17.2292953Z,77274751-5122-4f52-9e3a-6109550c9999,New,Sell,19.89,0,4209
2025-07-24T02:26:17.2392953Z,ac7c8cea-dffa-4b04-a1ff-7837775d0b14,Trade,Buy,19.85,7817,0
2025-07-24T02:26:17.2392953Z,b3d88b22-96de-489c-90f7-e6e455ae14ae,Trade,Buy,19.85,112,1527
2025-07-24T02:26:17.2492953Z,c6a8589f-b4da-4f32-97ae-4a2bbf49eefa,New,Sell,19.87,0,484
2025-07-24T02:26:17.2592953Z,b086a32c-ca71-40e8-bd23-9c97258f90c9,New,Buy,19.86,0,500
2025-07-24T02:26:17.2692953Z,b086a32c-ca71-40e8-bd23-9c97258f90c9,Trade,Buy,19.86,383,117
2025-07-24T02:26:17.2692953Z,7f9c2902-61c9-497c-b9f6-68c9401b6462,Cancel,Sell,19.95,0,0
2025-07-24T02:26:17.2792953Z,b086a32c-ca71-40e8-bd23-9c97258f90c9,Trade,Buy,19.86,117,0
2025-07-24T02:26:17.2792953Z,909f3ea5-f783-477c-b273-dbcb2b38e2db,Trade,Buy,19.86,1934,566
2025-07-24T02:26:17.2892953Z,47bc3a38-0cec-42f2-af59-b1a950d2d348,New,Buy,19.86,0,1705
2025-07-24T02:26:17.2892953Z,7d5c0902-f3b3-4b31-8eed-e641f4977d62,Cancel,Sell,19.93,0,0
2025-07-24T02:26:17.2992953Z,eac1abd1-8235-48e1-a2cb-e237de176d4c,New,Sell,19.87,0,339
2025-07-24T02:26:17.3092953Z,53a1cbd4-b990-42cc-8ee1-53405d2bb1f7,Trade,Sell,19.87,377,0
2025-07-24T02:26:17.3092953Z,a88395df-a5af-4863-8ed3-b396c42e7440,Trade,Sell,19.87,486,0
2025-07-24T02:26:17.3092953Z,1b30cf0a-51c4-426b-a875-15fdad680f8d,Trade,Sell,19.87,1167,0
2025-07-24T02:26:17.3092953Z,67558d83-924a-48db-bbb4-b7ff844e9335,Trade,Sell,19.87,637,15388
2025-07-24T02:26:17.3192953Z,a136dd02-d091-4804-ba1b-29403faffe5e,New,Sell,19.87,0,2029
2025-07-24T02:26:17.3292953Z,47bc3a38-0cec-42f2-af59-b1a950d2d348,Trade,Buy,19.86,1705,0
2025-07-24T02:26:17.3292953Z,ffd2406e-5355-4484-838c-a7fa1452e3fc,Trade,Buy,19.86,50,2450
2025-07-24T02:26:17.3392953Z,4f4c855c-da82-47c4-85cb-b3f34be207b3,Trade,Buy,19.85,2500,0
2025-07-24T02:26:17.3392953Z,ec0147de-bd48-42d9-a489-ba417318ae10,Trade,Buy,19.85,501,2486
2025-07-24T02:26:17.3392953Z,e5617509-d1a1-4f4f-a3cb-3ff245dfdf0d,Cancel,Sell,20.02,0,0
2025-07-24T02:26:17.3492953Z,358ad87a-bee7-44b9-b520-18ff992ba74e,Trade,Sell,19.87,108,1977
2025-07-24T02:26:17.3592953Z,7f8fb1e3-28ea-4bb8-bc3c-6da56a925c6d,Trade,Buy,19.85,1801,2725
2025-07-24T02:26:17.3692953Z,b3d88b22-96de-489c-90f7-e6e455ae14ae,Trade,Buy,19.85,1527,0
2025-07-24T02:26:17.3692953Z,ec0147de-bd48-42d9-a489-ba417318ae10,Trade,Buy,19.85,412,2074
2025-07-24T02:26:17.3792953Z,0e9d7d99-cd43-4560-8a5c-595e8fc4c0c3,Trade,Buy,19.85,216,2284
2025-07-24T02:26:17.3892953Z,a2835664-c84c-4bc1-90ae-e2af93fffe1c,New,Sell,19.87,0,2166
2025-07-24T02:26:17.3992953Z,fbcb3711-6695-46fc-9bb5-548d999c4840,New,Buy,19.85,0,538
2025-07-24T02:26:17.4092953Z,dc428229-b4db-4434-88df-09e800279168,New,Sell,19.88,0,1461
2025-07-24T02:26:17.4092953Z,98c3eafb-6272-46bf-b3d6-70f4de472b06,Cancel,Sell,20.02,0,0
2025-07-24T02:26:17.4192953Z,7f8fb1e3-28ea-4bb8-bc3c-6da56a925c6d,Trade,Buy,19.85,2246,479
2025-07-24T02:26:17.4292953Z,118cf92d-0660-4b28-aed1-fed01c476342,Trade,Sell,19.87,737,0
2025-07-24T02:26:17.4292953Z,01a95f8d-d1ea-4f16-badc-42b73da8eb08,Trade,Sell,19.87,244,933
2025-07-24T02:26:17.4292953Z,3b6582f4-16eb-4eed-9b14-0dc29124d509,Cancel,Sell,19.88,0,0
2025-07-24T02:26:17.4392953Z,5a33796a-8251-44c2-9f5d-fcb167cc5217,New,Sell,19.87,0,415
2025-07-24T02:26:17.4392953Z,bcd92149-ae1f-4f22-b2da-84d4a06c8697,Cancel,Buy,19.83,0,0
2025-07-24T02:26:17.4492953Z,6663d7ca-50a6-4f25-952b-2401d76659df,New,Sell,19.86,0,389
2025-07-24T02:26:17.4592953Z,908319b2-33ea-4340-8f55-adee6911418a,New,Sell,19.86,0,2500
2025-07-24T02:26:17.4592953Z,1ef8eab0-0e09-4060-801c-42593b98e9c5,Cancel,Buy,19.78,0,0
2025-07-24T02:26:17.4692953Z,dc96f8dc-428f-4767-a031-b3bddd340b14,New,Sell,19.86,0,1107
2025-07-24T02:26:17.4792953Z,6340293e-97bf-4f99-94ff-c67f71dedc6e,New,Sell,19.86,0,476
2025-07-24T02:26:17.4892953Z,5b771e38-7a2a-4a27-8b3b-5cbc9af9c896,New,Sell,19.86,0,1291
2025-07-24T02:26:17.4892953Z,1e61fa5c-3153-438c-96ad-6b2012430ec7,Cancel,Sell,19.88,0,0
2025-07-24T02:26:17.4992953Z,ec0147de-bd48-42d9-a489-ba417318ae10,Trade,Buy,19.85,458,1616
2025-07-24T02:26:17.4992953Z,ad9b7cab-5a8f-47fa-ad83-c2a8af225ae0,Cancel,Buy,19.82,0,0
2025-07-24T02:26:17.5092953Z,fbcb3711-6695-46fc-9bb5-548d999c4840,Trade,Buy,19.85,260,278
2025-07-24T02:26:17.5192953Z,7f8fb1e3-28ea-4bb8-bc3c-6da56a925c6d,Trade,Buy,19.85,479,0
2025-07-24T02:26:17.5192953Z,ec0147de-bd48-42d9-a489-ba417318ae10,Trade,Buy,19.85,804,812
2025-07-24T02:26:17.5192953Z,a2835664-c84c-4bc1-90ae-e2af93fffe1c,Cancel,Sell,19.87,0,0
2025-07-24T02:26:17.5292953Z,6277609c-4613-4355-bb66-e6db31e88ced,New,Sell,19.88,0,983
2025-07-24T02:26:17.5392953Z,6663d7ca-50a6-4f25-952b-2401d76659df,Trade,Sell,19.86,389,0
2025-07-24T02:26:17.5392953Z,908319b2-33ea-4340-8f55-adee6911418a,Trade,Sell,19.86,752,1748
2025-07-24T02:26:17.5392953Z,61d2a9d5-33c0-4d33-b4aa-e2d720b179e1,Cancel,Sell,20.04,0,0
2025-07-24T02:26:17.5392953Z,90315406-d219-42c5-8e98-f8c85e7d1f45,Cancel,Sell,19.89,0,0
2025-07-24T02:26:17.5492953Z,eba4b271-a74b-484f-90c9-fe90f11cfdfc,New,Buy,19.84,0,1145
2025-07-24T02:26:17.5592953Z,fbcb3711-6695-46fc-9bb5-548d999c4840,Trade,Buy,19.85,278,0
2025-07-24T02:26:17.5592953Z,ec0147de-bd48-42d9-a489-ba417318ae10,Trade,Buy,19.85,812,0
2025-07-24T02:26:17.5592953Z,f1c5b3be-575d-4a1f-8901-d500c0f9153e,Trade,Buy,19.85,2043,457
2025-07-24T02:26:17.5592953Z,64d760b1-2ef8-4c1f-8d45-8901e352be9c,Cancel,Buy,19.83,0,0
2025-07-24T02:26:17.5692953Z,8618493e-bd8c-4689-94cd-2ad678dd6235,Trade,Buy,19.84,2500,0
2025-07-24T02:26:17.5692953Z,672dce64-45c9-4041-b19d-99f393887a5f,Trade,Buy,19.84,529,0
2025-07-24T02:26:17.5692953Z,eba4b271-a74b-484f-90c9-fe90f11cfdfc,Trade,Buy,19.84,811,334
2025-07-24T02:26:17.5792953Z,463c36b5-2a1e-4877-a1f6-feb36b011219,New,Sell,19.87,0,666
2025-07-24T02:26:17.5892953Z,dc96f8dc-428f-4767-a031-b3bddd340b14,Trade,Sell,19.86,1107,0
2025-07-24T02:26:17.5892953Z,6340293e-97bf-4f99-94ff-c67f71dedc6e,Trade,Sell,19.86,476,0
2025-07-24T02:26:17.5892953Z,5b771e38-7a2a-4a27-8b3b-5cbc9af9c896,Trade,Sell,19.86,764,527
2025-07-24T02:26:17.5992953Z,bad13861-e397-45d7-91c0-76fca7729632,New,Sell,19.86,0,1344
2025-07-24T02:26:17.6092953Z,eba4b271-a74b-484f-90c9-fe90f11cfdfc,Trade,Buy,19.84,334,0
2025-07-24T02:26:17.6092953Z,ba70d0d9-5d50-4264-9618-63fef27aa759,Trade,Buy,19.84,1820,680
2025-07-24T02:26:17.6192953Z,8b3191b4-12f0-4089-877f-fe8733d27851,New,Sell,19.85,0,144
2025-07-24T02:26:17.6292953Z,ce227477-11de-4ce1-85c2-c51393a807a7,New,Sell,19.85,0,12563
2025-07-24T02:26:17.6392953Z,aecbed1f-3941-46e8-83f1-b16aa99b2787,New,Sell,19.85,0,464
2025-07-24T02:26:17.6392953Z,8c610bb3-6581-4c00-a845-84d670334d1e,Cancel,Sell,19.90,0,0
2025-07-24T02:26:17.6492953Z,48a79d1b-2559-4515-9b63-89f7b7fa5ba2,Trade,Buy,19.83,412,2088
2025-07-24T02:26:17.6592953Z,210423cd-16f6-4ecd-82e3-2990740b4392,Trade,Buy,19.83,207,2293
2025-07-24T02:26:17.6692953Z,3361386c-c8a6-4e82-b334-4cd833946099,New,Sell,19.85,0,1022
2025-07-24T02:26:17.6792953Z,cc1a05bc-a449-4672-a67b-8de8096de60f,New,Sell,19.85,0,304
2025-07-24T02:26:17.6892953Z,c3254046-f204-46fb-908a-cbc72b3aa143,Trade,Buy,19.83,2500,0
2025-07-24T02:26:17.6892953Z,b03d1bb9-003c-42fe-80a7-c107ea272012,Trade,Buy,19.83,1637,5428
2025-07-24T02:26:17.6892953Z,3f2b9571-774c-41af-aa74-3a717ba106c3,Cancel,Buy,19.78,0,0
2025-07-24T02:26:17.6992953Z,88738d36-2639-4957-a7cd-79f2c8a6ee4e,Trade,Buy,19.83,534,422
2025-07-24T02:26:17.7092953Z,aa818861-91dd-462e-bad0-e77dc162cd38,New,Sell,19.87,0,2096
2025-07-24T02:26:17.7092953Z,8a757b4e-a331-4c02-a3d5-c9e1c0394d02,Cancel,Sell,19.86,0,0
2025-07-24T02:26:17.7192953Z,16741274-03b2-494d-aef0-2ebb36a3d4ec,Trade,Buy,19.83,1191,1233
2025-07-24T02:26:17.7292953Z,464b91e5-0246-4d03-85fc-61b97ab8b683,New,Sell,19.86,0,5627
2025-07-24T02:26:17.7392953Z,b03d1bb9-003c-42fe-80a7-c107ea272012,Trade,Buy,19.83,1490,3938
2025-07-24T02:26:17.7492953Z,8aca16a5-abf4-4560-bdb7-c93b84246ed5,Trade,Buy,19.83,2247,253
2025-07-24T02:26:17.7492953Z,eac1abd1-8235-48e1-a2cb-e237de176d4c,Cancel,Sell,19.87,0,0
2025-07-24T02:26:17.7492953Z,460ea23d-2260-4626-b4e0-dc8b65e26733,Cancel,Sell,19.92,0,0
2025-07-24T02:26:17.7592953Z,1eefd170-16c2-4f25-a730-eb177e21e241,New,Sell,19.85,0,438
2025-07-24T02:26:17.7692953Z,e38b733f-3c7b-414b-9cc0-f125c840610d,New,Buy,19.84,0,1040
2025-07-24T02:26:17.7792953Z,9781c9b0-66cb-4d4d-b093-3033ed1cc01e,New,Sell,19.88,0,804
2025-07-24T02:26:17.7892953Z,b494cbe0-334d-4892-bc04-7d4e6233aaec,New,Buy,19.84,0,108
2025-07-24T02:26:17.7992953Z,e38b733f-3c7b-414b-9cc0-f125c840610d,Trade,Buy,19.84,634,406
2025-07-24T02:26:17.8092953Z,b494cbe0-334d-4892-bc04-7d4e6233aaec,Trade,Buy,19.84,108,0
2025-07-24T02:26:17.8092953Z,e38b733f-3c7b-414b-9cc0-f125c840610d,Trade,Buy,19.84,406,0
2025-07-24T02:26:17.8092953Z,8028cd76-1b06-40a6-b325-d5a950e00d2f,Trade,Buy,19.84,922,1578
2025-07-24T02:26:17.8192953Z,d9947aa2-ee3e-4811-a30e-3ca9f875af41,New,Sell,19.84,0,340
2025-07-24T02:26:17.8292953Z,d9947aa2-ee3e-4811-a30e-3ca9f875af41,Trade,Sell,19.84,340,0
2025-07-24T02:26:17.8292953Z,792e54e7-613f-4068-8e66-da1095bd8a73,Trade,Sell,19.85,2084,416
2025-07-24T02:26:17.8292953Z,5f20242a-d969-4279-9a4e-e162617f0268,Cancel,Sell,19.89,0,0
2025-07-24T02:26:17.8392953Z,a10f0384-0736-4bcb-8ebf-7090311b2bac,New,Sell,19.86,0,1874
2025-07-24T02:26:17.8492953Z,2e437be4-4614-4c5f-8d48-e9a86c06de03,Trade,Sell,19.85,2500,0
2025-07-24T02:26:17.8492953Z,8b3191b4-12f0-4089-877f-fe8733d27851,Trade,Sell,19.85,144,0
2025-07-24T02:26:17.8492953Z,ce227477-11de-4ce1-85c2-c51393a807a7,Trade,Sell,19.85,578,11985
2025-07-24T02:26:17.8492953Z,01a95f8d-d1ea-4f16-badc-42b73da8eb08,Cancel,Sell,19.87,0,0
2025-07-24T02:26:17.8592953Z,42c96db3-dc19-40f3-aff1-bd303d5e8278,New,Buy,19.82,0,1987
2025-07-24T02:26:17.8592953Z,5a33796a-8251-44c2-9f5d-fcb167cc5217,Cancel,Sell,19.87,0,0
2025-07-24T02:26:17.8692953Z,aecbed1f-3941-46e8-83f1-b16aa99b2787,Trade,Sell,19.85,464,0
2025-07-24T02:26:17.8692953Z,3361386c-c8a6-4e82-b334-4cd833946099,Trade,Sell,19.85,162,860
2025-07-24T02:26:17.8692953Z,dc428229-b4db-4434-88df-09e800279168,Cancel,Sell,19.88,0,0
2025-07-24T02:26:17.8792953Z,d30a3cbc-da39-43a0-b33a-e2cb350dab22,New,Buy,19.82,0,1213
2025-07-24T02:26:17.8892953Z,cc1a05bc-a449-4672-a67b-8de8096de60f,Trade,Sell,19.85,304,0
2025-07-24T02:26:17.8892953Z,1eefd170-16c2-4f25-a730-eb177e21e241,Trade,Sell,19.85,71,367
2025-07-24T02:26:17.8992953Z,f29b0c60-14aa-4d74-b2ba-d0794e565344,New,Sell,19.85,0,3142
2025-07-24T02:26:17.9092953Z,ce227477-11de-4ce1-85c2-c51393a807a7,Trade,Sell,19.85,6025,5960
2025-07-24T02:26:17.9192953Z,f17efce0-b106-4a08-846e-e360495d42a6,New,Sell,19.84,0,361
2025-07-24T02:26:17.9192953Z,aa818861-91dd-462e-bad0-e77dc162cd38,Cancel,Sell,19.87,0,0
2025-07-24T02:26:17.9292953Z,88738d36-2639-4957-a7cd-79f2c8a6ee4e,Trade,Buy,19.83,234,188
2025-07-24T02:26:17.9292953Z,b8379a3b-b851-48cb-9912-6ce8494471bf,Cancel,Sell,19.85,0,0
2025-07-24T02:26:17.9392953Z,426b30e9-2994-43cc-b8db-1c10a39c8f67,New,Buy,19.82,0,2621
2025-07-24T02:26:17.9492953Z,f17efce0-b106-4a08-846e-e360495d42a6,Trade,Sell,19.84,361,0
2025-07-24T02:26:17.9492953Z,f6fead2e-2594-41bf-878e-033af21c9bbb,Trade,Sell,19.85,2500,0
2025-07-24T02:26:17.9492953Z,3361386c-c8a6-4e82-b334-4cd833946099,Trade,Sell,19.85,860,0
2025-07-24T02:26:17.9492953Z,1eefd170-16c2-4f25-a730-eb177e21e241,Trade,Sell,19.85,367,0
2025-07-24T02:26:17.9492953Z,f29b0c60-14aa-4d74-b2ba-d0794e565344,Trade,Sell,19.85,3142,0
2025-07-24T02:26:17.9492953Z,ce227477-11de-4ce1-85c2-c51393a807a7,Trade,Sell,19.85,5960,0
2025-07-24T02:26:17.9492953Z,6a1ae69c-2fbf-419d-a741-bc06c57b38ce,Trade,Sell,19.86,2152,0
2025-07-24T02:26:17.9492953Z,908319b2-33ea-4340-8f55-adee6911418a,Trade,Sell,19.86,1748,0
2025-07-24T02:26:17.9492953Z,5b771e38-7a2a-4a27-8b3b-5cbc9af9c896,Trade,Sell,19.86,527,0
2025-07-24T02:26:17.9492953Z,bad13861-e397-45d7-91c0-76fca7729632,Trade,Sell,19.86,1344,0
2025-07-24T02:26:17.9492953Z,464b91e5-0246-4d03-85fc-61b97ab8b683,Trade,Sell,19.86,5627,0
2025-07-24T02:26:17.9492953Z,a10f0384-0736-4bcb-8ebf-7090311b2bac,Trade,Sell,19.86,1874,0
2025-07-24T02:26:17.9492953Z,5c66b2a7-57a1-4679-946d-a0e28320cec6,Trade,Sell,19.87,1852,0
2025-07-24T02:26:17.9492953Z,c6a8589f-b4da-4f32-97ae-4a2bbf49eefa,Trade,Sell,19.87,484,0
2025-07-24T02:26:17.9492953Z,67558d83-924a-48db-bbb4-b7ff844e9335,Trade,Sell,19.87,1760,13628
2025-07-24T02:26:17.9592953Z,26a488f4-c91d-4ce1-af28-ddb5da9bba0d,Trade,Buy,19.84,2500,0
2025-07-24T02:26:17.9592953Z,16741274-03b2-494d-aef0-2ebb36a3d4ec,Trade,Buy,19.83,1233,0
2025-07-24T02:26:17.9592953Z,b03d1bb9-003c-42fe-80a7-c107ea272012,Trade,Buy,19.83,3938,0
2025-07-24T02:26:17.9592953Z,88738d36-2639-4957-a7cd-79f2c8a6ee4e,Trade,Buy,19.83,105,83
2025-07-24T02:26:17.9692953Z,ceb24f95-a82e-4d44-8146-9c02461bdba2,New,Buy,19.83,0,5438
2025-07-24T02:26:17.9692953Z,8a144dad-a44c-4363-a454-39f30666ba14,Cancel,Sell,19.91,0,0
2025-07-24T02:26:17.9692953Z,c5114ef4-0584-4dbe-97af-cd3509ab5b20,Cancel,Sell,19.94,0,0
2025-07-24T02:26:17.9792953Z,0a92268f-7cf4-4815-9c08-7f1ad87f224d,New,Buy,19.84,0,3007
2025-07-24T02:26:17.9892953Z,0a92268f-7cf4-4815-9c08-7f1ad87f224d,Trade,Buy,19.84,2577,430
2025-07-24T02:26:17.9892953Z,9f61badb-18ee-484a-b03f-7bc106378910,Cancel,Sell,19.93,0,0
2025-07-24T02:26:17.9992953Z,7f1e7253-08d2-4a65-bc9c-5225d9075b4d,New,Sell,19.86,0,340
2025-07-24T02:26:18.0092953Z,a24c1c3e-b204-4131-9c05-bbf8c59f9bde,Trade,Sell,19.86,169,2331
2025-07-24T02:26:18.0092953Z,0426195d-78c6-4592-b27b-6a50204a8d49,Cancel,Sell,19.88,0,0
2025-07-24T02:26:18.0192953Z,c22fdd8d-7bc4-4606-b959-861148bbb7e4,Trade,Sell,19.86,110,2390
2025-07-24T02:26:18.0292953Z,0a92268f-7cf4-4815-9c08-7f1ad87f224d,Trade,Buy,19.84,430,0
2025-07-24T02:26:18.0292953Z,bd168ffe-a8b8-438b-a3cb-1f5625bd972f,Trade,Buy,19.84,291,2209
2025-07-24T02:26:18.0392953Z,84ada615-c646-4554-8ab9-10a25f04e97d,Trade,Sell,19.86,1800,700
2025-07-24T02:26:18.0492953Z,84ada615-c646-4554-8ab9-10a25f04e97d,Trade,Sell,19.86,395,305
2025-07-24T02:26:18.0592953Z,6ccd3aeb-c530-49ef-aeeb-5caad1792286,Trade,Sell,19.86,337,1463
2025-07-24T02:26:18.0592953Z,11067c98-bdec-43f0-b8d4-8025d439a442,Cancel,Sell,19.93,0,0
2025-07-24T02:26:18.0692953Z,ec23abca-2b7c-41c7-a4aa-a57a9e0b97f7,New,Buy,19.84,0,5821
2025-07-24T02:26:18.0792953Z,fa26af91-3675-44d5-9631-d7100872ea34,New,Buy,19.83,0,359
2025-07-24T02:26:18.0892953Z,a1708a42-3956-419f-8bc0-af178bad7a4f,New,Sell,19.87,0,240
2025-07-24T02:26:18.0892953Z,358ad87a-bee7-44b9-b520-18ff992ba74e,Cancel,Sell,19.87,0,0
2025-07-24T02:26:18.0892953Z,d1dc22b2-6492-4a51-b112-a48cfb1cf842,Cancel,Sell,19.88,0,0
2025-07-24T02:26:18.0892953Z,e2746f7d-4e07-4c44-8730-20fe89434a8f,Cancel,Sell,19.92,0,0
2025-07-24T02:26:18.0992953Z,16060fc4-39db-4200-9669-73ca1ff4135c,Trade,Sell,19.86,536,1964
2025-07-24T02:26:18.1092953Z,ec23abca-2b7c-41c7-a4aa-a57a9e0b97f7,Trade,Buy,19.84,2747,3074
2025-07-24T02:26:18.1192953Z,511e8727-841e-4e2c-91f1-9d82a014d0bf,New,Buy,19.84,0,949
2025-07-24T02:26:18.1292953Z,ec23abca-2b7c-41c7-a4aa-a57a9e0b97f7,Trade,Buy,19.84,114,2960
2025-07-24T02:26:18.1392953Z,62e63b38-5e27-4221-90e9-e304dff0c4d8,New,Buy,19.85,0,1026
2025-07-24T02:26:18.1492953Z,62e63b38-5e27-4221-90e9-e304dff0c4d8,Trade,Buy,19.85,232,794
2025-07-24T02:26:18.1592953Z,7f1e7253-08d2-4a65-bc9c-5225d9075b4d,Trade,Sell,19.86,340,0
2025-07-24T02:26:18.1592953Z,5a2a2e10-ab53-45a6-b5a9-7f5893fba6e9,Trade,Sell,19.87,647,1853
2025-07-24T02:26:18.1592953Z,9781c9b0-66cb-4d4d-b093-3033ed1cc01e,Cancel,Sell,19.88,0,0
2025-07-24T02:26:18.1692953Z,719d2eb8-387d-414d-b3dc-d18df3e88e3a,New,Sell,19.88,0,263
2025-07-24T02:26:18.1692953Z,9e1e71a6-1c8d-423c-8261-f5b1f91ea822,Cancel,Sell,19.92,0,0
2025-07-24T02:26:18.1792953Z,7d7d640d-519f-423b-8d79-fdfb41c096d0,New,Sell,19.88,0,1053
2025-07-24T02:26:18.1792953Z,d30a3cbc-da39-43a0-b33a-e2cb350dab22,Cancel,Buy,19.82,0,0
2025-07-24T02:26:18.1792953Z,d5ef397e-a7f0-4066-b926-33f7205f0c6d,Cancel,Sell,19.88,0,0
2025-07-24T02:26:18.1892953Z,f1da5470-6f26-4a61-9e31-a1c42c557821,New,Buy,19.85,0,284
2025-07-24T02:26:18.1992953Z,c5c1a177-87d5-4a91-b43c-ae16405972a7,New,Sell,19.86,0,16422
2025-07-24T02:26:18.1992953Z,90b2f2e3-ab96-40cf-a719-6a204b8d8e16,Cancel,Sell,19.93,0,0
2025-07-24T02:26:18.2092953Z,3aa1cd8b-ab04-46f8-924a-16c53023873e,New,Buy,19.84,0,3350
2025-07-24T02:26:18.2192953Z,c5c1a177-87d5-4a91-b43c-ae16405972a7,Trade,Sell,19.86,974,15448
2025-07-24T02:26:18.2292953Z,1092be42-b264-40f2-88df-363edb84334f,New,Sell,19.87,0,2622
2025-07-24T02:26:18.2392953Z,6f83b32e-0741-44d4-ba5c-c61726ba56e6,New,Sell,19.89,0,1469
2025-07-24T02:26:18.2492953Z,62e63b38-5e27-4221-90e9-e304dff0c4d8,Trade,Buy,19.85,723,71
2025-07-24T02:26:18.2592953Z,6d452f21-db66-4368-9ca2-66094fb5d091,New,Buy,19.85,0,1322
2025-07-24T02:26:18.2692953Z,c5c1a177-87d5-4a91-b43c-ae16405972a7,Trade,Sell,19.86,2934,12514
2025-07-24T02:26:18.2792953Z,3e8d995a-b416-4ff7-bf32-c868fb006edf,New,Sell,19.87,0,585
2025-07-24T02:26:18.2792953Z,6d452f21-db66-4368-9ca2-66094fb5d091,Cancel,Buy,19.85,0,0
2025-07-24T02:26:18.2792953Z,a1bff723-999b-40f3-99e4-16acef38228e,Cancel,Sell,19.93,0,0
2025-07-24T02:26:18.2892953Z,4c45c311-eaab-4de1-97c5-c725b827f6f3,New,Buy,19.85,0,2096
2025-07-24T02:26:18.2992953Z,c5c1a177-87d5-4a91-b43c-ae16405972a7,Trade,Sell,19.86,806,11708
2025-07-24T02:26:18.2992953Z,22395912-a33b-490b-8574-3b15e0acaa51,Cancel,Sell,19.94,0,0
2025-07-24T02:26:18.3092953Z,30f2fcbe-0bd0-447a-ae32-c9b7f67ce19b,New,Buy,19.85,0,369
2025-07-24T02:26:18.3192953Z,ef2402c4-37ee-49a8-9c20-d969b579136f,New,Sell,19.88,0,2476
2025-07-24T02:26:18.3192953Z,f523b761-e0d4-4a50-8250-7fcd4b632e7c,Cancel,Buy,19.80,0,0
2025-07-24T02:26:18.3292953Z,43931112-0319-4555-88bf-4fde28f19dd1,New,Buy,19.85,0,687
2025-07-24T02:26:18.3292953Z,1717bd95-aed5-400a-a13d-c0bf35bbb769,Cancel,Sell,19.92,0,0
2025-07-24T02:26:18.3392953Z,f1da5470-6f26-4a61-9e31-a1c42c557821,Trade,Buy,19.85,284,0
2025-07-24T02:26:18.3392953Z,62e63b38-5e27-4221-90e9-e304dff0c4d8,Trade,Buy,19.85,71,0
2025-07-24T02:26:18.3392953Z,4c45c311-eaab-4de1-97c5-c725b827f6f3,Trade,Buy,19.85,837,1259
2025-07-24T02:26:18.3492953Z,30f2fcbe-0bd0-447a-ae32-c9b7f67ce19b,Trade,Buy,19.85,369,0
2025-07-24T02:26:18.3492953Z,43931112-0319-4555-88bf-4fde28f19dd1,Trade,Buy,19.85,687,0
2025-07-24T02:26:18.3492953Z,4c45c311-eaab-4de1-97c5-c725b827f6f3,Trade,Buy,19.85,1259,0
2025-07-24T02:26:18.3492953Z,62ef42cc-8cd9-4793-9eab-0fe4f3b488d3,Trade,Buy,19.85,508,1992
2025-07-24T02:26:18.3592953Z,ac7e1607-415d-47ac-b6b6-cc0c8bb39d9c,New,Sell,19.88,0,2909
2025-07-24T02:26:18.3692953Z,9468fb98-5da2-45be-b190-d2d4231e5dc9,Trade,Buy,19.84,1257,1243
2025-07-24T02:26:18.3792953Z,3bb1cd45-c0f8-4254-8734-ad4b3b415c7d,Trade,Buy,19.84,1430,1070
2025-07-24T02:26:18.3892953Z,bddd13f9-2485-414a-9824-777c65dbd46a,Trade,Buy,19.84,1495,1005
2025-07-24T02:26:18.3992953Z,d5510d82-fa9e-4d64-93ab-e72e7c233c96,New,Sell,19.87,0,3265
2025-07-24T02:26:18.4092953Z,0ec6d50c-fb2d-404a-baf0-973859816aaf,New,Sell,19.89,0,8118
2025-07-24T02:26:18.4192953Z,c7b40822-7ce4-45ea-95b6-9ef09835b1a7,Trade,Buy,19.84,789,1711
2025-07-24T02:26:18.4192953Z,b07b3149-65bc-4a87-8caf-5a3cdbc7c8fa,Cancel,Sell,19.95,0,0
2025-07-24T02:26:18.4192953Z,d5510d82-fa9e-4d64-93ab-e72e7c233c96,Cancel,Sell,19.87,0,0
2025-07-24T02:26:18.4292953Z,80d0df45-ecb4-43de-a3f8-9cf3ebde1dd9,New,Buy,19.83,0,335
2025-07-24T02:26:18.4392953Z,e6fc1af1-4c53-4f76-a7fa-a5b8196a4505,New,Sell,19.87,0,3403
2025-07-24T02:26:18.4492953Z,c5c1a177-87d5-4a91-b43c-ae16405972a7,Trade,Sell,19.86,6446,5262
2025-07-24T02:26:18.4592953Z,c5c1a177-87d5-4a91-b43c-ae16405972a7,Trade,Sell,19.86,2632,2630
2025-07-24T02:26:18.4692953Z,db4a1ce7-701f-4a0a-9dc0-ac89213b5d0c,Trade,Buy,19.84,452,2048
2025-07-24T02:26:18.4692953Z,4a6f8dbe-202c-454c-bf60-de44fbd06fac,Cancel,Sell,19.87,0,0
2025-07-24T02:26:18.4792953Z,b7f5aa09-126d-44a9-8ae8-56db0a30da43,New,Sell,19.85,0,552
2025-07-24T02:26:18.4892953Z,511e8727-841e-4e2c-91f1-9d82a014d0bf,Trade,Buy,19.84,949,0
2025-07-24T02:26:18.4892953Z,ec23abca-2b7c-41c7-a4aa-a57a9e0b97f7,Trade,Buy,19.84,738,2222
2025-07-24T02:26:18.4992953Z,9dc6ea6a-2791-49cb-b34b-d6dfa3f3e47f,New,Buy,19.83,0,1320
2025-07-24T02:26:18.5092953Z,38df76ad-d268-49ef-adb2-2ffc296598f5,New,Sell,19.86,0,239
2025-07-24T02:26:18.5192953Z,b7f5aa09-126d-44a9-8ae8-56db0a30da43,Trade,Sell,19.85,59,493
2025-07-24T02:26:18.5292953Z,8559e332-0762-4765-a5ee-aa47a59df72e,New,Sell,19.85,0,634
2025-07-24T02:26:18.5292953Z,9dc6ea6a-2791-49cb-b34b-d6dfa3f3e47f,Cancel,Buy,19.83,0,0
2025-07-24T02:26:18.5292953Z,3a99398b-a5ba-4de3-a071-517054b08d12,Cancel,Sell,19.91,0,0
2025-07-24T02:26:18.5392953Z,b7f5aa09-126d-44a9-8ae8-56db0a30da43,Trade,Sell,19.85,402,91
2025-07-24T02:26:18.5392953Z,2cb0e184-fd1f-489c-a796-ba87c95aba69,Cancel,Sell,19.89,0,0
2025-07-24T02:26:18.5492953Z,8559e332-0762-4765-a5ee-aa47a59df72e,Trade,Sell,19.85,634,0
2025-07-24T02:26:18.5492953Z,b7f5aa09-126d-44a9-8ae8-56db0a30da43,Trade,Sell,19.85,91,0
2025-07-24T02:26:18.5492953Z,58221f1b-0172-4e8a-8581-1a3cc4fa752a,Trade,Sell,19.86,2386,114
2025-07-24T02:26:18.5592953Z,45dbd96b-6ce6-493d-b563-7b8f4947dc55,New,Sell,19.86,0,342
2025-07-24T02:26:18.5692953Z,3aa1cd8b-ab04-46f8-924a-16c53023873e,Trade,Buy,19.84,1784,1566
2025-07-24T02:26:18.5792953Z,9814ca9b-7160-4b4e-9d60-498e7497c6b1,New,Sell,19.85,0,6570
2025-07-24T02:26:18.5892953Z,90b702cf-a8dd-4477-8e25-2bf66884ebe9,New,Buy,19.84,0,1375
2025-07-24T02:26:18.5992953Z,9814ca9b-7160-4b4e-9d60-498e7497c6b1,Trade,Sell,19.85,6261,309
2025-07-24T02:26:18.6092953Z,9814ca9b-7160-4b4e-9d60-498e7497c6b1,Trade,Sell,19.85,309,0
2025-07-24T02:26:18.6092953Z,f995ddc4-cd8d-41a7-bd9b-f9b521e40a3e,Trade,Sell,19.86,1476,1024
2025-07-24T02:26:18.6192953Z,ec23abca-2b7c-41c7-a4aa-a57a9e0b97f7,Trade,Buy,19.84,2167,55
2025-07-24T02:26:18.6192953Z,205b5cd0-a91b-4d9e-a37f-ec12053b41ee,Cancel,Buy,19.79,0,0
2025-07-24T02:26:18.6192953Z,11ba4dff-538f-4f8f-bfcb-c8ebd1c08083,Cancel,Buy,19.82,0,0
2025-07-24T02:26:18.6292953Z,c84a31ae-711a-4079-8e82-f725a6924960,Trade,Sell,19.86,411,2089
2025-07-24T02:26:18.6292953Z,45dbd96b-6ce6-493d-b563-7b8f4947dc55,Cancel,Sell,19.86,0,0
2025-07-24T02:26:18.6392953Z,d6afeee9-d948-4bfd-bb19-acfbf81c36ba,New,Sell,19.87,0,636
2025-07-24T02:26:18.6492953Z,3aa1cd8b-ab04-46f8-924a-16c53023873e,Trade,Buy,19.84,1566,0
2025-07-24T02:26:18.6492953Z,90b702cf-a8dd-4477-8e25-2bf66884ebe9,Trade,Buy,19.84,1375,0
2025-07-24T02:26:18.6492953Z,ec23abca-2b7c-41c7-a4aa-a57a9e0b97f7,Trade,Buy,19.84,55,0
2025-07-24T02:26:18.6492953Z,1bfbe12e-db52-4f8d-97a3-13210efa39c7,Trade,Buy,19.84,37,2463
2025-07-24T02:26:18.6592953Z,1bfbe12e-db52-4f8d-97a3-13210efa39c7,Trade,Buy,19.84,497,1966
2025-07-24T02:26:18.6592953Z,ac7e1607-415d-47ac-b6b6-cc0c8bb39d9c,Cancel,Sell,19.88,0,0
2025-07-24T02:26:18.6692953Z,8026ab96-6a49-47a8-8509-0708fde8309e,New,Sell,19.87,0,2577
2025-07-24T02:26:18.6792953Z,ad3e18c3-17bf-4cbf-a225-e1418404c95b,Trade,Sell,19.86,2500,0
2025-07-24T02:26:18.6792953Z,c5c1a177-87d5-4a91-b43c-ae16405972a7,Trade,Sell,19.86,1868,762
2025-07-24T02:26:18.6892953Z,7df45c1d-47c8-4e01-bbe5-da12603e84d8,New,Sell,19.86,0,1254
2025-07-24T02:26:18.6992953Z,68bc0c7b-40b5-4e1f-a8aa-5c0daa6e6bdc,Trade,Sell,19.86,1295,1205
2025-07-24T02:26:18.6992953Z,9ad6456e-252c-45e2-8104-f45b03e7fc7f,Cancel,Sell,19.88,0,0
2025-07-24T02:26:18.7092953Z,e3b72d63-1ac5-42d7-a7b1-bb8764a4c871,New,Buy,19.84,0,575
2025-07-24T02:26:18.7092953Z,d12bb99f-071e-4140-9cfc-025b42948c61,Cancel,Sell,19.96,0,0
2025-07-24T02:26:18.7192953Z,f8432024-4dc1-4696-982b-7949a167ec03,Trade,Sell,19.86,135,2365
2025-07-24T02:26:18.7192953Z,c8143f46-b22d-41bc-8401-2e1f00b03411,Cancel,Sell,19.88,0,0
2025-07-24T02:26:18.7292953Z,95c3d807-64dd-4672-8eee-1389da4811eb,New,Sell,19.86,0,1038
2025-07-24T02:26:18.7392953Z,e3b72d63-1ac5-42d7-a7b1-bb8764a4c871,Trade,Buy,19.84,575,0
2025-07-24T02:26:18.7392953Z,6c8e9f28-c88e-467f-9275-8f6c8ccaca99,Trade,Buy,19.84,527,1973
2025-07-24T02:26:18.7492953Z,3af859aa-3c6a-4601-b8c7-d6913ba8ee89,New,Buy,19.84,0,2496
2025-07-24T02:26:18.7592953Z,713f1c05-753e-42b6-b703-805145b358b7,New,Buy,19.84,0,295
2025-07-24T02:26:18.7692953Z,3af859aa-3c6a-4601-b8c7-d6913ba8ee89,Trade,Buy,19.84,1233,1263
2025-07-24T02:26:18.7792953Z,eb13a8cc-0df7-42a0-9bec-79f89aacedf9,New,Buy,19.84,0,392
2025-07-24T02:26:18.7792953Z,0ec6d50c-fb2d-404a-baf0-973859816aaf,Cancel,Sell,19.89,0,0
2025-07-24T02:26:18.7892953Z,e56076a2-7ca5-424f-9ed6-e4885cf9833f,New,Buy,19.84,0,680
2025-07-24T02:26:18.7992953Z,0127dead-afa0-4fe4-9c39-83818e6e3637,New,Sell,19.86,0,1030
2025-07-24T02:26:18.8092953Z,de803cee-e483-4f36-9beb-62514a88a6b2,New,Sell,19.86,0,350
2025-07-24T02:26:18.8192953Z,2175c7f4-d12c-498e-898d-acc5cb30bc1e,New,Sell,19.86,0,318
2025-07-24T02:26:18.8292953Z,96277206-54b2-408b-b080-434234fb2490,New,Sell,19.86,0,1842
2025-07-24T02:26:18.8292953Z,4ceee4ba-86ca-472d-99f1-eab16f46e4fb,Cancel,Sell,19.86,0,0
2025-07-24T02:26:18.8292953Z,de803cee-e483-4f36-9beb-62514a88a6b2,Cancel,Sell,19.86,0,0
2025-07-24T02:26:18.8392953Z,cc54d7ed-9d25-4707-a41d-84d827d936be,New,Buy,19.84,0,531
2025-07-24T02:26:18.8492953Z,e96cddd7-e3d7-423f-9e17-8ee4273253d7,New,Buy,19.84,0,822
2025-07-24T02:26:18.8492953Z,f28cf69f-f49e-468c-bd27-ba5f5c18b3d5,Cancel,Buy,19.78,0,0
2025-07-24T02:26:18.8592953Z,d8ca6e07-7e9d-4f12-92a8-0b50c0d6bcea,New,Sell,19.86,0,589
2025-07-24T02:26:18.8592953Z,713f1c05-753e-42b6-b703-805145b358b7,Cancel,Buy,19.84,0,0
2025-07-24T02:26:18.8692953Z,38df76ad-d268-49ef-adb2-2ffc296598f5,Trade,Sell,19.86,239,0
2025-07-24T02:26:18.8692953Z,c5c1a177-87d5-4a91-b43c-ae16405972a7,Trade,Sell,19.86,401,361
2025-07-24T02:26:18.8692953Z,1092be42-b264-40f2-88df-363edb84334f,Cancel,Sell,19.87,0,0
2025-07-24T02:26:18.8792953Z,3af859aa-3c6a-4601-b8c7-d6913ba8ee89,Trade,Buy,19.84,1263,0
2025-07-24T02:26:18.8792953Z,eb13a8cc-0df7-42a0-9bec-79f89aacedf9,Trade,Buy,19.84,392,0
2025-07-24T02:26:18.8792953Z,e56076a2-7ca5-424f-9ed6-e4885cf9833f,Trade,Buy,19.84,399,281
2025-07-24T02:26:18.8892953Z,7df45c1d-47c8-4e01-bbe5-da12603e84d8,Trade,Sell,19.86,525,729
2025-07-24T02:26:18.8992953Z,95c3d807-64dd-4672-8eee-1389da4811eb,Trade,Sell,19.86,1038,0
2025-07-24T02:26:18.8992953Z,0127dead-afa0-4fe4-9c39-83818e6e3637,Trade,Sell,19.86,1030,0
2025-07-24T02:26:18.8992953Z,2175c7f4-d12c-498e-898d-acc5cb30bc1e,Trade,Sell,19.86,120,198
2025-07-24T02:26:18.9092953Z,5f231fa6-5a0e-4e84-b36d-961d76cf4928,New,Sell,19.86,0,414
2025-07-24T02:26:18.9192953Z,acd51f8d-f0e3-43c6-8f45-eb8364bbeee0,New,Sell,19.85,0,1000
2025-07-24T02:26:18.9292953Z,acd51f8d-f0e3-43c6-8f45-eb8364bbeee0,Trade,Sell,19.85,1000,0
2025-07-24T02:26:18.9292953Z,8d6004c5-6eb2-4c6a-bed4-5ce64ff81003,Trade,Sell,19.86,129,2371
2025-07-24T02:26:18.9392953Z,f2567894-e8eb-45dc-a613-0bb324b65079,Trade,Sell,19.86,1709,791
2025-07-24T02:26:18.9492953Z,73225e2e-da3c-47d6-a9c2-cf9f92b4062d,Trade,Sell,19.86,2500,0
2025-07-24T02:26:18.9492953Z,96277206-54b2-408b-b080-434234fb2490,Trade,Sell,19.86,1842,0
2025-07-24T02:26:18.9492953Z,d8ca6e07-7e9d-4f12-92a8-0b50c0d6bcea,Trade,Sell,19.86,589,0
2025-07-24T02:26:18.9492953Z,c5c1a177-87d5-4a91-b43c-ae16405972a7,Trade,Sell,19.86,361,0
2025-07-24T02:26:18.9492953Z,7df45c1d-47c8-4e01-bbe5-da12603e84d8,Trade,Sell,19.86,729,0
2025-07-24T02:26:18.9492953Z,2175c7f4-d12c-498e-898d-acc5cb30bc1e,Trade,Sell,19.86,198,0
2025-07-24T02:26:18.9492953Z,5f231fa6-5a0e-4e84-b36d-961d76cf4928,Trade,Sell,19.86,414,0
2025-07-24T02:26:18.9492953Z,a92d0343-adb9-4d70-a33f-a7c8e9589ceb,Trade,Sell,19.87,1286,866
2025-07-24T02:26:18.9592953Z,71590abd-1f5d-468e-82f9-db500fbc3f80,Trade,Buy,19.84,1042,1458
2025-07-24T02:26:18.9592953Z,beca54e4-56c4-4430-840a-ade9bccd91be,Cancel,Sell,19.92,0,0
2025-07-24T02:26:18.9692953Z,7145f578-cfb2-4b8f-9d7a-eb17fed16574,New,Buy,19.84,0,3341
2025-07-24T02:26:18.9692953Z,3e8d995a-b416-4ff7-bf32-c868fb006edf,Cancel,Sell,19.87,0,0
2025-07-24T02:26:18.9692953Z,9f03b4b8-5c85-4e26-a809-68cb39eebf1f,Cancel,Sell,19.94,0,0
2025-07-24T02:26:18.9792953Z,71590abd-1f5d-468e-82f9-db500fbc3f80,Trade,Buy,19.84,1458,0
2025-07-24T02:26:18.9792953Z,83c882ea-589d-4f11-a626-a9c2b55fc60c,Trade,Buy,19.84,1042,0
2025-07-24T02:26:18.9792953Z,cc54d7ed-9d25-4707-a41d-84d827d936be,Trade,Buy,19.84,531,0
2025-07-24T02:26:18.9792953Z,e96cddd7-e3d7-423f-9e17-8ee4273253d7,Trade,Buy,19.84,822,0
2025-07-24T02:26:18.9792953Z,e56076a2-7ca5-424f-9ed6-e4885cf9833f,Trade,Buy,19.84,281,0
2025-07-24T02:26:18.9792953Z,7145f578-cfb2-4b8f-9d7a-eb17fed16574,Trade,Buy,19.84,164,3177
2025-07-24T02:26:18.9892953Z,b421ed8a-a5c2-4e37-aca7-db64fe15f237,New,Buy,19.84,0,3501
2025-07-24T02:26:18.9992953Z,6f7e758c-4d50-4779-8635-ee60be041fe8,Trade,Sell,19.86,181,2319
2025-07-24T02:26:19.0092953Z,6f7e758c-4d50-4779-8635-ee60be041fe8,Trade,Sell,19.86,2319,0
2025-07-24T02:26:19.0092953Z,50743fc8-34ec-4575-b1bf-aa462244e54c,Trade,Sell,19.86,181,0
2025-07-24T02:26:19.0092953Z,a136dd02-d091-4804-ba1b-29403faffe5e,Trade,Sell,19.87,1217,812
2025-07-24T02:26:19.0192953Z,2351fe66-52d3-4e04-a270-70435d2b7993,New,Sell,19.89,0,601
2025-07-24T02:26:19.0292953Z,733619cd-866e-4040-b081-063d23fcd2b4,Trade,Sell,19.87,540,1960
2025-07-24T02:26:19.0392953Z,6eb1bfcd-e65b-4788-85ef-ec495ec0b4b9,Trade,Buy,19.85,166,2334
2025-07-24T02:26:19.0492953Z,bd489aeb-7ff1-452b-a7e1-803a6f5ffe9a,New,Sell,19.87,0,1464
2025-07-24T02:26:19.0592953Z,6eb1bfcd-e65b-4788-85ef-ec495ec0b4b9,Trade,Buy,19.85,797,1537
2025-07-24T02:26:19.0592953Z,cc3f390d-9720-4b29-bbd5-2e13b9007fa2,Cancel,Sell,19.89,0,0
2025-07-24T02:26:19.0692953Z,06a91be2-039a-4ca9-a320-7f1ba475228d,New,Buy,19.85,0,5019
2025-07-24T02:26:19.0792953Z,06a91be2-039a-4ca9-a320-7f1ba475228d,Trade,Buy,19.85,370,4649
2025-07-24T02:26:19.0892953Z,226a917a-82fa-412a-8916-bc2ab9471e45,Trade,Sell,19.87,171,2329
2025-07-24T02:26:19.0992953Z,06a91be2-039a-4ca9-a320-7f1ba475228d,Trade,Buy,19.85,1161,3488
2025-07-24T02:26:19.1092953Z,94da650f-c9bd-433e-83fa-6b4d4c92fef9,Trade,Sell,19.87,2500,0
2025-07-24T02:26:19.1092953Z,463c36b5-2a1e-4877-a1f6-feb36b011219,Trade,Sell,19.87,666,0
2025-07-24T02:26:19.1092953Z,67558d83-924a-48db-bbb4-b7ff844e9335,Trade,Sell,19.87,459,13169
2025-07-24T02:26:19.1192953Z,06a91be2-039a-4ca9-a320-7f1ba475228d,Trade,Buy,19.85,1058,2430
2025-07-24T02:26:19.1292953Z,2916afea-87c0-4058-814b-e91830d52684,New,Buy,19.85,0,914
2025-07-24T02:26:19.1392953Z,e3befe8e-71f3-43d7-907d-b810e9af936d,New,Sell,19.87,0,2026
2025-07-24T02:26:19.1392953Z,2351fe66-52d3-4e04-a270-70435d2b7993,Cancel,Sell,19.89,0,0
2025-07-24T02:26:19.1492953Z,1634271e-d455-4344-a9d8-4a8fb4912b53,Trade,Buy,19.85,2500,0
2025-07-24T02:26:19.1492953Z,06a91be2-039a-4ca9-a320-7f1ba475228d,Trade,Buy,19.85,2417,13
2025-07-24T02:26:19.1592953Z,af601d57-f16e-42a4-9d28-2ad04700f3a5,New,Buy,19.85,0,263
2025-07-24T02:26:19.1692953Z,86d26a34-83f9-4b59-b955-026453a03d6d,New,Sell,19.87,0,451
2025-07-24T02:26:19.1792953Z,2916afea-87c0-4058-814b-e91830d52684,Trade,Buy,19.85,914,0
2025-07-24T02:26:19.1792953Z,06a91be2-039a-4ca9-a320-7f1ba475228d,Trade,Buy,19.85,13,0
2025-07-24T02:26:19.1792953Z,30dff5a4-fe06-491f-a834-9f5d86a56507,Trade,Buy,19.85,821,1679
2025-07-24T02:26:19.1892953Z,d6c83b37-ea41-42a1-bd7d-15add19e220a,New,Sell,19.86,0,601
2025-07-24T02:26:19.1892953Z,ef2402c4-37ee-49a8-9c20-d969b579136f,Cancel,Sell,19.88,0,0
2025-07-24T02:26:19.1992953Z,af601d57-f16e-42a4-9d28-2ad04700f3a5,Trade,Buy,19.85,263,0
2025-07-24T02:26:19.1992953Z,1f5b50f1-58a5-49e3-9be7-15c12fc9fc5a,Trade,Buy,19.85,1483,1017
2025-07-24T02:26:19.2092953Z,5bbbec9b-96d4-4ef9-9899-04507a698aee,New,Sell,19.90,0,476
2025-07-24T02:26:19.2192953Z,24f9dc2d-06a8-4b82-b007-08f1869f94f1,New,Sell,19.86,0,1930
2025-07-24T02:26:19.2292953Z,0273bacf-d406-4f64-aea3-15e38989a9fa,New,Sell,19.85,0,1629
2025-07-24T02:26:19.2392953Z,778fc2a2-d628-452c-9a8c-be0331cbacca,New,Buy,19.81,0,2257
2025-07-24T02:26:19.2492953Z,7145f578-cfb2-4b8f-9d7a-eb17fed16574,Trade,Buy,19.84,252,2925
2025-07-24T02:26:19.2592953Z,97b0a73c-36fc-42c8-8c54-21772f417bc6,New,Buy,19.83,0,406
2025-07-24T02:26:19.2592953Z,6bc1fafc-c547-4d70-8d42-f08324cb856e,Cancel,Sell,19.86,0,0
2025-07-24T02:26:19.2692953Z,0273bacf-d406-4f64-aea3-15e38989a9fa,Trade,Sell,19.85,1629,0
2025-07-24T02:26:19.2692953Z,df6a3c78-45ab-4e43-b0fd-432f18e3834b,Trade,Sell,19.86,159,2341
2025-07-24T02:26:19.2692953Z,d53c7571-b3f1-4d28-8d7f-cf372b680098,Cancel,Sell,19.92,0,0
2025-07-24T02:26:19.2792953Z,7a0e5dbf-f389-471b-a754-b04753ba97ca,New,Buy,19.84,0,397
2025-07-24T02:26:19.2792953Z,719d2eb8-387d-414d-b3dc-d18df3e88e3a,Cancel,Sell,19.88,0,0
2025-07-24T02:26:19.2892953Z,5788c044-6b3b-46d4-85fc-a6b0af187d90,New,Buy,19.84,0,326
2025-07-24T02:26:19.2992953Z,f1d05e7b-8a4b-46dd-bf51-16d0820c4fb3,New,Buy,19.84,0,523
2025-07-24T02:26:19.3092953Z,a54ff06e-a181-4993-b506-a54ca0eed8c5,Trade,Sell,19.86,1897,603
2025-07-24T02:26:19.3192953Z,a1dda3d4-983d-406b-9a64-f65f506988e1,New,Buy,19.84,0,725
2025-07-24T02:26:19.3192953Z,778fc2a2-d628-452c-9a8c-be0331cbacca,Cancel,Buy,19.81,0,0
2025-07-24T02:26:19.3292953Z,3bce8882-21f5-4352-8265-9e176ad5aa54,New,Sell,19.85,0,2245
2025-07-24T02:26:19.3292953Z,24f9dc2d-06a8-4b82-b007-08f1869f94f1,Cancel,Sell,19.86,0,0
2025-07-24T02:26:19.3392953Z,dd58f26c-8a34-49b9-a345-010d53177b18,New,Sell,19.85,0,4443
2025-07-24T02:26:19.3492953Z,54bd2b9a-0413-4d66-af49-828188124d70,New,Buy,19.84,0,675
2025-07-24T02:26:19.3592953Z,323f4c6a-ecb5-490b-8c40-d975e083fc9e,New,Buy,19.81,0,386
2025-07-24T02:26:19.3692953Z,b421ed8a-a5c2-4e37-aca7-db64fe15f237,Trade,Buy,19.84,772,2729
2025-07-24T02:26:19.3792953Z,7145f578-cfb2-4b8f-9d7a-eb17fed16574,Trade,Buy,19.84,1538,1387
2025-07-24T02:26:19.3892953Z,7a0e5dbf-f389-471b-a754-b04753ba97ca,Trade,Buy,19.84,397,0
2025-07-24T02:26:19.3892953Z,5788c044-6b3b-46d4-85fc-a6b0af187d90,Trade,Buy,19.84,326,0
2025-07-24T02:26:19.3892953Z,f1d05e7b-8a4b-46dd-bf51-16d0820c4fb3,Trade,Buy,19.84,268,255
2025-07-24T02:26:19.3992953Z,3bce8882-21f5-4352-8265-9e176ad5aa54,Trade,Sell,19.85,1936,309
2025-07-24T02:26:19.3992953Z,8f68f2d1-2b02-4258-b57a-8c871eca1c09,Cancel,Sell,19.91,0,0
2025-07-24T02:26:19.4092953Z,a1dda3d4-983d-406b-9a64-f65f506988e1,Trade,Buy,19.84,523,202
2025-07-24T02:26:19.4192953Z,ecbf11fa-0d8b-435f-b552-2093856aa84d,New,Buy,19.82,0,1276
2025-07-24T02:26:19.4192953Z,42c96db3-dc19-40f3-aff1-bd303d5e8278,Cancel,Buy,19.82,0,0
2025-07-24T02:26:19.4292953Z,da13ac0e-1029-48fa-9ff6-6062c7024838,New,Sell,19.85,0,1992
2025-07-24T02:26:19.4392953Z,dd58f26c-8a34-49b9-a345-010d53177b18,Trade,Sell,19.85,1124,3319
2025-07-24T02:26:19.4492953Z,c47a6017-7ac9-4dbc-b05d-d0c1e9f90070,New,Buy,19.83,0,1090
2025-07-24T02:26:19.4592953Z,eb26bd71-7d63-4c6d-800b-76ba8e35a46a,New,Sell,19.85,0,446
2025-07-24T02:26:19.4592953Z,3b2401da-630c-4aee-8bf3-c753732a596d,Cancel,Sell,19.92,0,0
2025-07-24T02:26:19.4692953Z,54bd2b9a-0413-4d66-af49-828188124d70,Trade,Buy,19.84,675,0
2025-07-24T02:26:19.4692953Z,b421ed8a-a5c2-4e37-aca7-db64fe15f237,Trade,Buy,19.84,2729,0
2025-07-24T02:26:19.4692953Z,7145f578-cfb2-4b8f-9d7a-eb17fed16574,Trade,Buy,19.84,1387,0
