ts,side,price,qty
2025-07-24T02:26:12.7492953Z,Sell,19.99,1102
2025-07-24T02:26:12.7692953Z,Sell,19.99,1333
2025-07-24T02:26:12.7892953Z,Buy,20.01,2500
2025-07-24T02:26:12.7892953Z,Buy,20.01,581
2025-07-24T02:26:12.8092953Z,Sell,19.99,633
2025-07-24T02:26:12.8192953Z,Sell,19.99,1167
2025-07-24T02:26:12.8192953Z,Sell,19.99,100
2025-07-24T02:26:12.8292953Z,Sell,19.99,765
2025-07-24T02:26:12.8292953Z,Sell,19.99,722
2025-07-24T02:26:12.8492953Z,Sell,19.99,1267
2025-07-24T02:26:12.8492953Z,Sell,19.99,511
2025-07-24T02:26:12.8492953Z,Sell,19.99,319
2025-07-24T02:26:12.8592953Z,Buy,20.01,120
2025-07-24T02:26:12.8592953Z,Buy,20.01,1705
2025-07-24T02:26:12.8692953Z,Sell,19.99,914
2025-07-24T02:26:12.8992953Z,Buy,20.00,91
2025-07-24T02:26:12.9292953Z,Buy,20.00,1390
2025-07-24T02:26:12.9592953Z,Sell,19.99,941
2025-07-24T02:26:12.9792953Z,Sell,19.99,415
2025-07-24T02:26:12.9892953Z,Buy,20.00,375
2025-07-24T02:26:12.9892953Z,Buy,20.00,613
2025-07-24T02:26:12.9892953Z,Buy,20.00,82
2025-07-24T02:26:12.9892953Z,Buy,20.00,2184
2025-07-24T02:26:12.9892953Z,Buy,20.01,895
2025-07-24T02:26:12.9992953Z,Sell,19.99,5164
2025-07-24T02:26:13.0492953Z,Sell,19.99,2427
2025-07-24T02:26:13.0492953Z,Sell,19.99,880
2025-07-24T02:26:13.0992953Z,Buy,20.00,356
2025-07-24T02:26:13.1192953Z,Buy,20.00,1135
2025-07-24T02:26:13.1192953Z,Buy,20.00,1517
2025-07-24T02:26:13.1192953Z,Buy,20.01,371
2025-07-24T02:26:13.1292953Z,Sell,19.99,147
2025-07-24T02:26:13.1692953Z,Sell,19.99,4550
2025-07-24T02:26:13.2392953Z,Sell,19.99,705
2025-07-24T02:26:13.2492953Z,Sell,19.99,442
2025-07-24T02:26:13.2792953Z,Sell,19.99,76
2025-07-24T02:26:13.2992953Z,Buy,20.00,201
2025-07-24T02:26:13.3192953Z,Sell,19.99,407
2025-07-24T02:26:13.3192953Z,Sell,19.99,2299
2025-07-24T02:26:13.3392953Z,Sell,19.99,806
2025-07-24T02:26:13.3392953Z,Sell,19.99,1286
2025-07-24T02:26:13.3392953Z,Sell,19.99,785
2025-07-24T02:26:13.3392953Z,Sell,19.99,180
2025-07-24T02:26:13.3392953Z,Sell,19.99,509
2025-07-24T02:26:13.3392953Z,Sell,19.99,107
2025-07-24T02:26:13.3492953Z,Buy,20.00,208
2025-07-24T02:26:13.3492953Z,Buy,20.00,1099
2025-07-24T02:26:13.3892953Z,Sell,19.99,102
2025-07-24T02:26:13.3992953Z,Buy,20.00,262
2025-07-24T02:26:13.3992953Z,Buy,20.00,879
2025-07-24T02:26:13.4092953Z,Sell,19.99,86
2025-07-24T02:26:13.4092953Z,Sell,19.99,508
2025-07-24T02:26:13.4092953Z,Sell,19.99,1008
2025-07-24T02:26:13.4192953Z,Sell,19.98,97
2025-07-24T02:26:13.4392953Z,Buy,20.00,476
2025-07-24T02:26:13.4592953Z,Buy,20.00,3600
2025-07-24T02:26:13.4792953Z,Sell,19.99,2609
2025-07-24T02:26:13.4892953Z,Sell,19.99,1383
2025-07-24T02:26:13.5092953Z,Sell,19.99,493
2025-07-24T02:26:13.5292953Z,Sell,19.99,1231
2025-07-24T02:26:13.5292953Z,Sell,19.99,8769
2025-07-24T02:26:13.5292953Z,Sell,19.99,452
2025-07-24T02:26:13.5392953Z,Sell,19.98,632
2025-07-24T02:26:13.5492953Z,Sell,19.98,602
2025-07-24T02:26:13.5592953Z,Buy,20.00,1595
2025-07-24T02:26:13.5592953Z,Buy,20.00,272
2025-07-24T02:26:13.5692953Z,Sell,19.98,444
2025-07-24T02:26:13.5892953Z,Buy,19.99,874
2025-07-24T02:26:13.5892953Z,Buy,20.00,2308
2025-07-24T02:26:13.5992953Z,Sell,19.98,615
2025-07-24T02:26:13.6292953Z,Sell,19.98,751
2025-07-24T02:26:13.6292953Z,Sell,19.98,492
2025-07-24T02:26:13.6292953Z,Sell,19.98,3340
2025-07-24T02:26:13.6292953Z,Sell,19.98,445
2025-07-24T02:26:13.6292953Z,Sell,19.98,821
2025-07-24T02:26:13.6292953Z,Sell,19.98,167
2025-07-24T02:26:13.6292953Z,Sell,19.98,1537
2025-07-24T02:26:13.6292953Z,Sell,19.98,2500
2025-07-24T02:26:13.6292953Z,Sell,19.97,1852
2025-07-24T02:26:13.6292953Z,Sell,19.97,1022
2025-07-24T02:26:13.6592953Z,Sell,19.97,1021
2025-07-24T02:26:13.7192953Z,Sell,19.97,187
2025-07-24T02:26:13.7392953Z,Sell,19.97,188
2025-07-24T02:26:13.7392953Z,Sell,19.97,860
2025-07-24T02:26:13.7392953Z,Sell,19.97,44
2025-07-24T02:26:13.7492953Z,Sell,19.96,1591
2025-07-24T02:26:13.7792953Z,Buy,19.97,971
2025-07-24T02:26:13.7792953Z,Buy,19.98,792
2025-07-24T02:26:13.7892953Z,Sell,19.96,2500
2025-07-24T02:26:13.7892953Z,Sell,19.95,2152
2025-07-24T02:26:13.7892953Z,Sell,19.94,772
2025-07-24T02:26:13.8192953Z,Buy,19.96,898
2025-07-24T02:26:13.8492953Z,Sell,19.93,437
2025-07-24T02:26:13.8792953Z,Sell,19.93,539
2025-07-24T02:26:13.8892953Z,Sell,19.93,1863
2025-07-24T02:26:13.9092953Z,Sell,19.93,2500
2025-07-24T02:26:13.9092953Z,Sell,19.93,616
2025-07-24T02:26:13.9192953Z,Sell,19.93,400
2025-07-24T02:26:13.9192953Z,Sell,19.93,2082
2025-07-24T02:26:13.9292953Z,Sell,19.93,418
2025-07-24T02:26:13.9292953Z,Sell,19.93,1551
2025-07-24T02:26:13.9392953Z,Sell,19.93,166
2025-07-24T02:26:13.9492953Z,Sell,19.93,1792
2025-07-24T02:26:13.9692953Z,Sell,19.93,365
2025-07-24T02:26:13.9692953Z,Sell,19.93,166
2025-07-24T02:26:13.9692953Z,Sell,19.93,177
2025-07-24T02:26:13.9692953Z,Sell,19.93,386
2025-07-24T02:26:13.9792953Z,Buy,19.95,1096
2025-07-24T02:26:13.9792953Z,Buy,19.95,638
2025-07-24T02:26:13.9792953Z,Buy,19.95,395
2025-07-24T02:26:13.9892953Z,Sell,19.93,1406
2025-07-24T02:26:13.9892953Z,Sell,19.93,1094
2025-07-24T02:26:13.9892953Z,Sell,19.92,1370
2025-07-24T02:26:13.9992953Z,Sell,19.93,1077
2025-07-24T02:26:14.0192953Z,Buy,19.95,1278
2025-07-24T02:26:14.0292953Z,Sell,19.93,452
2025-07-24T02:26:14.0292953Z,Sell,19.93,30
2025-07-24T02:26:14.0492953Z,Sell,19.92,174
2025-07-24T02:26:14.0592953Z,Buy,19.94,1009
2025-07-24T02:26:14.0592953Z,Buy,19.94,1523
2025-07-24T02:26:14.0692953Z,Sell,19.92,1411
2025-07-24T02:26:14.0892953Z,Sell,19.92,209
2025-07-24T02:26:14.0992953Z,Sell,19.92,799
2025-07-24T02:26:14.1292953Z,Buy,19.95,1442
2025-07-24T02:26:14.1392953Z,Sell,19.93,178
2025-07-24T02:26:14.1392953Z,Sell,19.93,2500
2025-07-24T02:26:14.1392953Z,Sell,19.92,2152
2025-07-24T02:26:14.1392953Z,Sell,19.91,147
2025-07-24T02:26:14.1392953Z,Sell,19.91,677
2025-07-24T02:26:14.1492953Z,Sell,19.92,444
2025-07-24T02:26:14.1692953Z,Sell,19.91,614
2025-07-24T02:26:14.1992953Z,Buy,19.92,157
2025-07-24T02:26:14.2092953Z,Sell,19.91,812
2025-07-24T02:26:14.2092953Z,Sell,19.91,27
2025-07-24T02:26:14.2192953Z,Buy,19.92,837
2025-07-24T02:26:14.2192953Z,Buy,19.92,397
2025-07-24T02:26:14.2692953Z,Buy,19.91,834
2025-07-24T02:26:14.2692953Z,Buy,19.92,2500
2025-07-24T02:26:14.2692953Z,Buy,19.92,757
2025-07-24T02:26:14.2692953Z,Buy,19.92,654
2025-07-24T02:26:14.2692953Z,Buy,19.93,2152
2025-07-24T02:26:14.2692953Z,Buy,19.93,754
2025-07-24T02:26:14.2692953Z,Buy,19.94,128
2025-07-24T02:26:14.2792953Z,Sell,19.91,1334
2025-07-24T02:26:14.2992953Z,Buy,19.93,2500
2025-07-24T02:26:14.2992953Z,Buy,19.94,2099
2025-07-24T02:26:14.3292953Z,Sell,19.92,1101
2025-07-24T02:26:14.3492953Z,Buy,19.93,496
2025-07-24T02:26:14.3592953Z,Sell,19.92,146
2025-07-24T02:26:14.3692953Z,Buy,19.93,869
2025-07-24T02:26:14.3992953Z,Sell,19.92,650
2025-07-24T02:26:14.4192953Z,Sell,19.92,762
2025-07-24T02:26:14.4492953Z,Sell,19.92,855
2025-07-24T02:26:14.4492953Z,Sell,19.92,1684
2025-07-24T02:26:14.4692953Z,Sell,19.92,227
2025-07-24T02:26:14.5392953Z,Buy,19.93,346
2025-07-24T02:26:14.5392953Z,Buy,19.93,1445
2025-07-24T02:26:14.5492953Z,Sell,19.92,936
2025-07-24T02:26:14.5492953Z,Sell,19.92,318
2025-07-24T02:26:14.5792953Z,Buy,19.93,268
2025-07-24T02:26:14.5792953Z,Buy,19.93,319
2025-07-24T02:26:14.5892953Z,Buy,19.93,2880
2025-07-24T02:26:14.5892953Z,Buy,19.93,328
2025-07-24T02:26:14.5892953Z,Buy,19.93,76
2025-07-24T02:26:14.5992953Z,Sell,19.91,1290
2025-07-24T02:26:14.6292953Z,Sell,19.91,1113
2025-07-24T02:26:14.6992953Z,Sell,19.91,2500
2025-07-24T02:26:14.6992953Z,Sell,19.90,1983
2025-07-24T02:26:14.7092953Z,Sell,19.91,2500
2025-07-24T02:26:14.7092953Z,Sell,19.90,1435
2025-07-24T02:26:14.7392953Z,Sell,19.90,973
2025-07-24T02:26:14.7492953Z,Buy,19.92,1419
2025-07-24T02:26:14.7792953Z,Sell,19.90,1204
2025-07-24T02:26:14.7892953Z,Sell,19.90,667
2025-07-24T02:26:14.8392953Z,Sell,19.90,1113
2025-07-24T02:26:14.8892953Z,Sell,19.91,1287
2025-07-24T02:26:14.8892953Z,Sell,19.91,54
2025-07-24T02:26:14.8992953Z,Sell,19.90,2484
2025-07-24T02:26:14.9092953Z,Sell,19.90,1560
2025-07-24T02:26:14.9292953Z,Sell,19.90,1196
2025-07-24T02:26:14.9592953Z,Buy,19.92,186
2025-07-24T02:26:14.9692953Z,Sell,19.90,512
2025-07-24T02:26:14.9992953Z,Sell,19.90,1007
2025-07-24T02:26:14.9992953Z,Sell,19.90,279
2025-07-24T02:26:14.9992953Z,Sell,19.90,522
2025-07-24T02:26:14.9992953Z,Sell,19.90,221
2025-07-24T02:26:14.9992953Z,Sell,19.90,1550
2025-07-24T02:26:14.9992953Z,Sell,19.90,209
2025-07-24T02:26:15.0092953Z,Sell,19.89,1209
2025-07-24T02:26:15.0192953Z,Sell,19.89,2500
2025-07-24T02:26:15.0192953Z,Sell,19.89,347
2025-07-24T02:26:15.0192953Z,Sell,19.88,1060
2025-07-24T02:26:15.0392953Z,Sell,19.89,286
2025-07-24T02:26:15.0792953Z,Sell,19.89,462
2025-07-24T02:26:15.0792953Z,Sell,19.89,1629
2025-07-24T02:26:15.1092953Z,Buy,19.91,1062
2025-07-24T02:26:15.1292953Z,Buy,19.91,1550
2025-07-24T02:26:15.1492953Z,Sell,19.89,382
2025-07-24T02:26:15.1692953Z,Sell,19.89,2488
2025-07-24T02:26:15.1992953Z,Sell,19.89,4300
2025-07-24T02:26:15.1992953Z,Sell,19.89,2500
2025-07-24T02:26:15.1992953Z,Sell,19.88,274
2025-07-24T02:26:15.2092953Z,Buy,19.90,703
2025-07-24T02:26:15.2092953Z,Buy,19.90,2500
2025-07-24T02:26:15.2092953Z,Buy,19.91,824
2025-07-24T02:26:15.2092953Z,Buy,19.91,56
2025-07-24T02:26:15.2092953Z,Buy,19.91,2364
2025-07-24T02:26:15.2092953Z,Buy,19.91,2152
2025-07-24T02:26:15.2092953Z,Buy,19.92,749
2025-07-24T02:26:15.2292953Z,Buy,19.91,580
2025-07-24T02:26:15.2392953Z,Sell,19.89,792
2025-07-24T02:26:15.2692953Z,Sell,19.89,327
2025-07-24T02:26:15.2892953Z,Buy,19.90,463
2025-07-24T02:26:15.2892953Z,Buy,19.91,2500
2025-07-24T02:26:15.2892953Z,Buy,19.91,258
2025-07-24T02:26:15.2992953Z,Buy,19.91,51
2025-07-24T02:26:15.2992953Z,Buy,19.91,633
2025-07-24T02:26:15.3192953Z,Sell,19.89,2737
2025-07-24T02:26:15.3192953Z,Sell,19.89,2500
2025-07-24T02:26:15.3192953Z,Sell,19.89,721
2025-07-24T02:26:15.3292953Z,Sell,19.89,28
2025-07-24T02:26:15.3292953Z,Sell,19.89,1653
2025-07-24T02:26:15.3792953Z,Buy,19.90,3464
2025-07-24T02:26:15.3792953Z,Buy,19.90,908
2025-07-24T02:26:15.4192953Z,Buy,19.89,1506
2025-07-24T02:26:15.4192953Z,Buy,19.90,2500
2025-07-24T02:26:15.4192953Z,Buy,19.90,382
2025-07-24T02:26:15.4292953Z,Buy,19.90,307
2025-07-24T02:26:15.4392953Z,Sell,19.88,350
2025-07-24T02:26:15.4792953Z,Sell,19.88,421
2025-07-24T02:26:15.4792953Z,Sell,19.88,302
2025-07-24T02:26:15.4892953Z,Sell,19.88,589
2025-07-24T02:26:15.4892953Z,Sell,19.88,81
2025-07-24T02:26:15.4992953Z,Buy,19.90,2033
2025-07-24T02:26:15.4992953Z,Buy,19.90,2243
2025-07-24T02:26:15.5092953Z,Sell,19.88,497
2025-07-24T02:26:15.5192953Z,Sell,19.88,1097
2025-07-24T02:26:15.5292953Z,Sell,19.88,830
2025-07-24T02:26:15.5292953Z,Sell,19.88,271
2025-07-24T02:26:15.5492953Z,Sell,19.88,295
2025-07-24T02:26:15.5592953Z,Sell,19.88,219
2025-07-24T02:26:15.5692953Z,Sell,19.88,1101
2025-07-24T02:26:15.5692953Z,Sell,19.88,348
2025-07-24T02:26:15.5792953Z,Sell,19.88,1222
2025-07-24T02:26:15.5992953Z,Sell,19.88,138
2025-07-24T02:26:15.5992953Z,Sell,19.88,278
2025-07-24T02:26:15.5992953Z,Sell,19.88,219
2025-07-24T02:26:15.5992953Z,Sell,19.88,627
2025-07-24T02:26:15.6092953Z,Buy,19.90,11553
2025-07-24T02:26:15.6292953Z,Buy,19.89,219
2025-07-24T02:26:15.6292953Z,Buy,19.90,915
2025-07-24T02:26:15.6492953Z,Buy,19.90,2500
2025-07-24T02:26:15.6492953Z,Buy,19.90,399
2025-07-24T02:26:15.6492953Z,Buy,19.90,1415
2025-07-24T02:26:15.6792953Z,Sell,19.88,132
2025-07-24T02:26:15.6792953Z,Sell,19.88,1488
2025-07-24T02:26:15.6892953Z,Buy,19.89,335
2025-07-24T02:26:15.6892953Z,Buy,19.89,1200
2025-07-24T02:26:15.6992953Z,Sell,19.87,782
2025-07-24T02:26:15.7092953Z,Buy,19.89,1300
2025-07-24T02:26:15.7092953Z,Buy,19.89,236
2025-07-24T02:26:15.7192953Z,Buy,19.89,815
2025-07-24T02:26:15.7392953Z,Sell,19.87,397
2025-07-24T02:26:15.7492953Z,Sell,19.87,782
2025-07-24T02:26:15.7492953Z,Sell,19.87,249
2025-07-24T02:26:15.7692953Z,Buy,19.89,479
2025-07-24T02:26:15.7992953Z,Buy,19.89,492
2025-07-24T02:26:15.8092953Z,Sell,19.87,397
2025-07-24T02:26:15.8092953Z,Sell,19.87,1072
2025-07-24T02:26:15.8092953Z,Sell,19.87,1031
2025-07-24T02:26:15.8092953Z,Sell,19.87,2285
2025-07-24T02:26:15.8092953Z,Sell,19.87,7316
2025-07-24T02:26:15.8192953Z,Buy,19.89,1298
2025-07-24T02:26:15.8392953Z,Sell,19.87,2106
2025-07-24T02:26:15.8692953Z,Sell,19.87,394
2025-07-24T02:26:15.8692953Z,Sell,19.87,15
2025-07-24T02:26:15.8892953Z,Sell,19.87,2091
2025-07-24T02:26:15.8892953Z,Sell,19.87,409
2025-07-24T02:26:15.8892953Z,Sell,19.87,523
2025-07-24T02:26:15.8892953Z,Sell,19.87,264
2025-07-24T02:26:15.8892953Z,Sell,19.86,2152
2025-07-24T02:26:15.8892953Z,Sell,19.86,1464
2025-07-24T02:26:15.8992953Z,Buy,19.89,2500
2025-07-24T02:26:15.8992953Z,Buy,19.90,2152
2025-07-24T02:26:15.8992953Z,Buy,19.90,957
2025-07-24T02:26:15.9092953Z,Sell,19.87,1194
2025-07-24T02:26:15.9392953Z,Sell,19.87,1306
2025-07-24T02:26:15.9392953Z,Sell,19.87,1194
2025-07-24T02:26:15.9392953Z,Sell,19.86,2152
2025-07-24T02:26:15.9392953Z,Sell,19.86,1424
2025-07-24T02:26:15.9392953Z,Sell,19.86,964
2025-07-24T02:26:15.9792953Z,Buy,19.88,239
2025-07-24T02:26:15.9792953Z,Buy,19.88,76
2025-07-24T02:26:15.9992953Z,Sell,19.86,1969
2025-07-24T02:26:16.0192953Z,Sell,19.86,613
2025-07-24T02:26:16.0292953Z,Buy,19.88,2770
2025-07-24T02:26:16.0492953Z,Sell,19.86,1093
2025-07-24T02:26:16.0592953Z,Sell,19.86,435
2025-07-24T02:26:16.0692953Z,Buy,19.88,311
2025-07-24T02:26:16.0792953Z,Sell,19.86,92
2025-07-24T02:26:16.0892953Z,Buy,19.88,764
2025-07-24T02:26:16.1092953Z,Sell,19.86,2500
2025-07-24T02:26:16.1092953Z,Sell,19.86,4230
2025-07-24T02:26:16.1092953Z,Sell,19.86,2036
2025-07-24T02:26:16.1092953Z,Sell,19.86,135
2025-07-24T02:26:16.1092953Z,Sell,19.86,2300
2025-07-24T02:26:16.1092953Z,Sell,19.85,110
2025-07-24T02:26:16.1092953Z,Sell,19.85,1913
2025-07-24T02:26:16.1292953Z,Buy,19.87,1124
2025-07-24T02:26:16.1292953Z,Buy,19.87,2500
2025-07-24T02:26:16.1292953Z,Buy,19.88,9072
2025-07-24T02:26:16.1292953Z,Buy,19.88,652
2025-07-24T02:26:16.1292953Z,Buy,19.88,2152
2025-07-24T02:26:16.1292953Z,Buy,19.89,1852
2025-07-24T02:26:16.1292953Z,Buy,19.90,1105
2025-07-24T02:26:16.1292953Z,Buy,19.90,368
2025-07-24T02:26:16.1292953Z,Buy,19.90,8983
2025-07-24T02:26:16.1592953Z,Sell,19.86,595
2025-07-24T02:26:16.1892953Z,Buy,19.88,368
2025-07-24T02:26:16.1892953Z,Buy,19.89,257
2025-07-24T02:26:16.2092953Z,Buy,19.89,2500
2025-07-24T02:26:16.2092953Z,Buy,19.89,292
2025-07-24T02:26:16.2292953Z,Sell,19.87,1123
2025-07-24T02:26:16.2292953Z,Sell,19.87,2500
2025-07-24T02:26:16.2292953Z,Sell,19.86,937
2025-07-24T02:26:16.2392953Z,Sell,19.86,2275
2025-07-24T02:26:16.2692953Z,Sell,19.85,1796
2025-07-24T02:26:16.2792953Z,Sell,19.85,717
2025-07-24T02:26:16.3092953Z,Sell,19.85,386
2025-07-24T02:26:16.3292953Z,Sell,19.85,347
2025-07-24T02:26:16.3392953Z,Buy,19.86,18
2025-07-24T02:26:16.3392953Z,Buy,19.87,243
2025-07-24T02:26:16.3692953Z,Buy,19.87,459
2025-07-24T02:26:16.3892953Z,Buy,19.86,218
2025-07-24T02:26:16.3892953Z,Buy,19.87,605
2025-07-24T02:26:16.3992953Z,Sell,19.85,417
2025-07-24T02:26:16.3992953Z,Sell,19.85,2434
2025-07-24T02:26:16.4092953Z,Buy,19.87,448
2025-07-24T02:26:16.4392953Z,Buy,19.87,2431
2025-07-24T02:26:16.4592953Z,Buy,19.87,659
2025-07-24T02:26:16.4792953Z,Buy,19.87,270
2025-07-24T02:26:16.4892953Z,Buy,19.87,343
2025-07-24T02:26:16.5192953Z,Sell,19.86,1084
2025-07-24T02:26:16.5192953Z,Sell,19.86,735
2025-07-24T02:26:16.5192953Z,Sell,19.86,2500
2025-07-24T02:26:16.5192953Z,Sell,19.85,356
2025-07-24T02:26:16.5692953Z,Sell,19.85,876
2025-07-24T02:26:16.5792953Z,Sell,19.85,145
2025-07-24T02:26:16.6092953Z,Sell,19.85,809
2025-07-24T02:26:16.6292953Z,Sell,19.85,680
2025-07-24T02:26:16.6292953Z,Sell,19.85,413
2025-07-24T02:26:16.6292953Z,Sell,19.85,5327
2025-07-24T02:26:16.6292953Z,Sell,19.85,1997
2025-07-24T02:26:16.6592953Z,Buy,19.86,234
2025-07-24T02:26:16.6592953Z,Buy,19.86,158
2025-07-24T02:26:16.6892953Z,Sell,19.85,2840
2025-07-24T02:26:16.7092953Z,Buy,19.86,1132
2025-07-24T02:26:16.7192953Z,Buy,19.86,747
2025-07-24T02:26:16.7292953Z,Sell,19.85,404
2025-07-24T02:26:16.7292953Z,Sell,19.85,76
2025-07-24T02:26:16.7492953Z,Sell,19.85,528
2025-07-24T02:26:16.7592953Z,Sell,19.85,895
2025-07-24T02:26:16.7592953Z,Sell,19.85,1433
2025-07-24T02:26:16.7592953Z,Sell,19.85,1453
2025-07-24T02:26:16.7692953Z,Buy,19.86,1252
2025-07-24T02:26:16.7992953Z,Sell,19.85,6081
2025-07-24T02:26:16.7992953Z,Sell,19.85,1940
2025-07-24T02:26:16.8092953Z,Sell,19.84,386
2025-07-24T02:26:16.8292953Z,Sell,19.84,2500
2025-07-24T02:26:16.8292953Z,Sell,19.84,748
2025-07-24T02:26:16.8292953Z,Sell,19.84,3081
2025-07-24T02:26:16.8392953Z,Buy,19.86,159
2025-07-24T02:26:16.8392953Z,Buy,19.86,253
2025-07-24T02:26:16.8592953Z,Sell,19.84,873
2025-07-24T02:26:16.8692953Z,Sell,19.84,481
2025-07-24T02:26:16.8692953Z,Sell,19.84,685
2025-07-24T02:26:16.8792953Z,Buy,19.86,493
2025-07-24T02:26:16.8792953Z,Buy,19.86,5287
2025-07-24T02:26:16.8792953Z,Buy,19.86,1626
2025-07-24T02:26:16.8792953Z,Buy,19.86,412
2025-07-24T02:26:16.8892953Z,Sell,19.84,1336
2025-07-24T02:26:16.9192953Z,Buy,19.86,361
2025-07-24T02:26:16.9292953Z,Buy,19.86,667
2025-07-24T02:26:16.9392953Z,Sell,19.84,1459
2025-07-24T02:26:16.9492953Z,Sell,19.84,338
2025-07-24T02:26:16.9692953Z,Buy,19.86,412
2025-07-24T02:26:16.9692953Z,Buy,19.86,1046
2025-07-24T02:26:16.9792953Z,Sell,19.84,504
2025-07-24T02:26:16.9792953Z,Sell,19.84,91
2025-07-24T02:26:16.9892953Z,Sell,19.84,356
2025-07-24T02:26:16.9892953Z,Sell,19.84,196
2025-07-24T02:26:17.0192953Z,Buy,19.86,384
2025-07-24T02:26:17.0492953Z,Buy,19.86,2186
2025-07-24T02:26:17.0692953Z,Sell,19.85,1313
2025-07-24T02:26:17.1392953Z,Buy,19.86,585
2025-07-24T02:26:17.1392953Z,Buy,19.86,430
2025-07-24T02:26:17.1392953Z,Buy,19.87,91
2025-07-24T02:26:17.1492953Z,Sell,19.85,377
2025-07-24T02:26:17.1792953Z,Buy,19.87,1643
2025-07-24T02:26:17.1992953Z,Buy,19.87,2500
2025-07-24T02:26:17.1992953Z,Buy,19.87,190
2025-07-24T02:26:17.2392953Z,Sell,19.85,7817
2025-07-24T02:26:17.2392953Z,Sell,19.85,112
2025-07-24T02:26:17.2692953Z,Sell,19.86,383
2025-07-24T02:26:17.2792953Z,Sell,19.86,117
2025-07-24T02:26:17.2792953Z,Sell,19.86,1934
2025-07-24T02:26:17.3092953Z,Buy,19.87,377
2025-07-24T02:26:17.3092953Z,Buy,19.87,486
2025-07-24T02:26:17.3092953Z,Buy,19.87,1167
2025-07-24T02:26:17.3092953Z,Buy,19.87,637
2025-07-24T02:26:17.3292953Z,Sell,19.86,1705
2025-07-24T02:26:17.3292953Z,Sell,19.86,50
2025-07-24T02:26:17.3392953Z,Sell,19.85,2500
2025-07-24T02:26:17.3392953Z,Sell,19.85,501
2025-07-24T02:26:17.3492953Z,Buy,19.87,108
2025-07-24T02:26:17.3592953Z,Sell,19.85,1801
2025-07-24T02:26:17.3692953Z,Sell,19.85,1527
2025-07-24T02:26:17.3692953Z,Sell,19.85,412
2025-07-24T02:26:17.3792953Z,Sell,19.85,216
2025-07-24T02:26:17.4192953Z,Sell,19.85,2246
2025-07-24T02:26:17.4292953Z,Buy,19.87,737
2025-07-24T02:26:17.4292953Z,Buy,19.87,244
2025-07-24T02:26:17.4992953Z,Sell,19.85,458
2025-07-24T02:26:17.5092953Z,Sell,19.85,260
2025-07-24T02:26:17.5192953Z,Sell,19.85,479
2025-07-24T02:26:17.5192953Z,Sell,19.85,804
2025-07-24T02:26:17.5392953Z,Buy,19.86,389
2025-07-24T02:26:17.5392953Z,Buy,19.86,752
2025-07-24T02:26:17.5592953Z,Sell,19.85,278
2025-07-24T02:26:17.5592953Z,Sell,19.85,812
2025-07-24T02:26:17.5592953Z,Sell,19.85,2043
2025-07-24T02:26:17.5692953Z,Sell,19.84,2500
2025-07-24T02:26:17.5692953Z,Sell,19.84,529
2025-07-24T02:26:17.5692953Z,Sell,19.84,811
2025-07-24T02:26:17.5892953Z,Buy,19.86,1107
2025-07-24T02:26:17.5892953Z,Buy,19.86,476
2025-07-24T02:26:17.5892953Z,Buy,19.86,764
2025-07-24T02:26:17.6092953Z,Sell,19.84,334
2025-07-24T02:26:17.6092953Z,Sell,19.84,1820
2025-07-24T02:26:17.6492953Z,Sell,19.83,412
2025-07-24T02:26:17.6592953Z,Sell,19.83,207
2025-07-24T02:26:17.6892953Z,Sell,19.83,2500
2025-07-24T02:26:17.6892953Z,Sell,19.83,1637
2025-07-24T02:26:17.6992953Z,Sell,19.83,534
2025-07-24T02:26:17.7192953Z,Sell,19.83,1191
2025-07-24T02:26:17.7392953Z,Sell,19.83,1490
2025-07-24T02:26:17.7492953Z,Sell,19.83,2247
2025-07-24T02:26:17.7992953Z,Sell,19.84,634
2025-07-24T02:26:17.8092953Z,Sell,19.84,108
2025-07-24T02:26:17.8092953Z,Sell,19.84,406
2025-07-24T02:26:17.8092953Z,Sell,19.84,922
2025-07-24T02:26:17.8292953Z,Buy,19.84,340
2025-07-24T02:26:17.8292953Z,Buy,19.85,2084
2025-07-24T02:26:17.8492953Z,Buy,19.85,2500
2025-07-24T02:26:17.8492953Z,Buy,19.85,144
2025-07-24T02:26:17.8492953Z,Buy,19.85,578
2025-07-24T02:26:17.8692953Z,Buy,19.85,464
2025-07-24T02:26:17.8692953Z,Buy,19.85,162
2025-07-24T02:26:17.8892953Z,Buy,19.85,304
2025-07-24T02:26:17.8892953Z,Buy,19.85,71
2025-07-24T02:26:17.9092953Z,Buy,19.85,6025
2025-07-24T02:26:17.9292953Z,Sell,19.83,234
2025-07-24T02:26:17.9492953Z,Buy,19.84,361
2025-07-24T02:26:17.9492953Z,Buy,19.85,2500
2025-07-24T02:26:17.9492953Z,Buy,19.85,860
2025-07-24T02:26:17.9492953Z,Buy,19.85,367
2025-07-24T02:26:17.9492953Z,Buy,19.85,3142
2025-07-24T02:26:17.9492953Z,Buy,19.85,5960
2025-07-24T02:26:17.9492953Z,Buy,19.86,2152
2025-07-24T02:26:17.9492953Z,Buy,19.86,1748
2025-07-24T02:26:17.9492953Z,Buy,19.86,527
2025-07-24T02:26:17.9492953Z,Buy,19.86,1344
2025-07-24T02:26:17.9492953Z,Buy,19.86,5627
2025-07-24T02:26:17.9492953Z,Buy,19.86,1874
2025-07-24T02:26:17.9492953Z,Buy,19.87,1852
2025-07-24T02:26:17.9492953Z,Buy,19.87,484
2025-07-24T02:26:17.9492953Z,Buy,19.87,1760
2025-07-24T02:26:17.9592953Z,Sell,19.84,2500
2025-07-24T02:26:17.9592953Z,Sell,19.83,1233
2025-07-24T02:26:17.9592953Z,Sell,19.83,3938
2025-07-24T02:26:17.9592953Z,Sell,19.83,105
2025-07-24T02:26:17.9892953Z,Sell,19.84,2577
2025-07-24T02:26:18.0092953Z,Buy,19.86,169
2025-07-24T02:26:18.0192953Z,Buy,19.86,110
2025-07-24T02:26:18.0292953Z,Sell,19.84,430
2025-07-24T02:26:18.0292953Z,Sell,19.84,291
2025-07-24T02:26:18.0392953Z,Buy,19.86,1800
2025-07-24T02:26:18.0492953Z,Buy,19.86,395
2025-07-24T02:26:18.0592953Z,Buy,19.86,337
2025-07-24T02:26:18.0992953Z,Buy,19.86,536
2025-07-24T02:26:18.1092953Z,Sell,19.84,2747
2025-07-24T02:26:18.1292953Z,Sell,19.84,114
2025-07-24T02:26:18.1492953Z,Sell,19.85,232
2025-07-24T02:26:18.1592953Z,Buy,19.86,340
2025-07-24T02:26:18.1592953Z,Buy,19.87,647
2025-07-24T02:26:18.2192953Z,Buy,19.86,974
2025-07-24T02:26:18.2492953Z,Sell,19.85,723
2025-07-24T02:26:18.2692953Z,Buy,19.86,2934
2025-07-24T02:26:18.2992953Z,Buy,19.86,806
2025-07-24T02:26:18.3392953Z,Sell,19.85,284
2025-07-24T02:26:18.3392953Z,Sell,19.85,71
2025-07-24T02:26:18.3392953Z,Sell,19.85,837
2025-07-24T02:26:18.3492953Z,Sell,19.85,369
2025-07-24T02:26:18.3492953Z,Sell,19.85,687
2025-07-24T02:26:18.3492953Z,Sell,19.85,1259
2025-07-24T02:26:18.3492953Z,Sell,19.85,508
2025-07-24T02:26:18.3692953Z,Sell,19.84,1257
2025-07-24T02:26:18.3792953Z,Sell,19.84,1430
2025-07-24T02:26:18.3892953Z,Sell,19.84,1495
2025-07-24T02:26:18.4192953Z,Sell,19.84,789
2025-07-24T02:26:18.4492953Z,Buy,19.86,6446
2025-07-24T02:26:18.4592953Z,Buy,19.86,2632
2025-07-24T02:26:18.4692953Z,Sell,19.84,452
2025-07-24T02:26:18.4892953Z,Sell,19.84,949
2025-07-24T02:26:18.4892953Z,Sell,19.84,738
2025-07-24T02:26:18.5192953Z,Buy,19.85,59
2025-07-24T02:26:18.5392953Z,Buy,19.85,402
2025-07-24T02:26:18.5492953Z,Buy,19.85,634
2025-07-24T02:26:18.5492953Z,Buy,19.85,91
2025-07-24T02:26:18.5492953Z,Buy,19.86,2386
2025-07-24T02:26:18.5692953Z,Sell,19.84,1784
2025-07-24T02:26:18.5992953Z,Buy,19.85,6261
2025-07-24T02:26:18.6092953Z,Buy,19.85,309
2025-07-24T02:26:18.6092953Z,Buy,19.86,1476
2025-07-24T02:26:18.6192953Z,Sell,19.84,2167
2025-07-24T02:26:18.6292953Z,Buy,19.86,411
2025-07-24T02:26:18.6492953Z,Sell,19.84,1566
2025-07-24T02:26:18.6492953Z,Sell,19.84,1375
2025-07-24T02:26:18.6492953Z,Sell,19.84,55
2025-07-24T02:26:18.6492953Z,Sell,19.84,37
2025-07-24T02:26:18.6592953Z,Sell,19.84,497
2025-07-24T02:26:18.6792953Z,Buy,19.86,2500
2025-07-24T02:26:18.6792953Z,Buy,19.86,1868
2025-07-24T02:26:18.6992953Z,Buy,19.86,1295
2025-07-24T02:26:18.7192953Z,Buy,19.86,135
2025-07-24T02:26:18.7392953Z,Sell,19.84,575
2025-07-24T02:26:18.7392953Z,Sell,19.84,527
2025-07-24T02:26:18.7692953Z,Sell,19.84,1233
2025-07-24T02:26:18.8692953Z,Buy,19.86,239
2025-07-24T02:26:18.8692953Z,Buy,19.86,401
2025-07-24T02:26:18.8792953Z,Sell,19.84,1263
2025-07-24T02:26:18.8792953Z,Sell,19.84,392
2025-07-24T02:26:18.8792953Z,Sell,19.84,399
2025-07-24T02:26:18.8892953Z,Buy,19.86,525
2025-07-24T02:26:18.8992953Z,Buy,19.86,1038
2025-07-24T02:26:18.8992953Z,Buy,19.86,1030
2025-07-24T02:26:18.8992953Z,Buy,19.86,120
2025-07-24T02:26:18.9292953Z,Buy,19.85,1000
2025-07-24T02:26:18.9292953Z,Buy,19.86,129
2025-07-24T02:26:18.9392953Z,Buy,19.86,1709
2025-07-24T02:26:18.9492953Z,Buy,19.86,2500
2025-07-24T02:26:18.9492953Z,Buy,19.86,1842
2025-07-24T02:26:18.9492953Z,Buy,19.86,589
2025-07-24T02:26:18.9492953Z,Buy,19.86,361
2025-07-24T02:26:18.9492953Z,Buy,19.86,729
2025-07-24T02:26:18.9492953Z,Buy,19.86,198
2025-07-24T02:26:18.9492953Z,Buy,19.86,414
2025-07-24T02:26:18.9492953Z,Buy,19.87,1286
2025-07-24T02:26:18.9592953Z,Sell,19.84,1042
2025-07-24T02:26:18.9792953Z,Sell,19.84,1458
2025-07-24T02:26:18.9792953Z,Sell,19.84,1042
2025-07-24T02:26:18.9792953Z,Sell,19.84,531
2025-07-24T02:26:18.9792953Z,Sell,19.84,822
2025-07-24T02:26:18.9792953Z,Sell,19.84,281
2025-07-24T02:26:18.9792953Z,Sell,19.84,164
2025-07-24T02:26:18.9992953Z,Buy,19.86,181
2025-07-24T02:26:19.0092953Z,Buy,19.86,2319
2025-07-24T02:26:19.0092953Z,Buy,19.86,181
2025-07-24T02:26:19.0092953Z,Buy,19.87,1217
2025-07-24T02:26:19.0292953Z,Buy,19.87,540
2025-07-24T02:26:19.0392953Z,Sell,19.85,166
2025-07-24T02:26:19.0592953Z,Sell,19.85,797
2025-07-24T02:26:19.0792953Z,Sell,19.85,370
2025-07-24T02:26:19.0892953Z,Buy,19.87,171
2025-07-24T02:26:19.0992953Z,Sell,19.85,1161
2025-07-24T02:26:19.1092953Z,Buy,19.87,2500
2025-07-24T02:26:19.1092953Z,Buy,19.87,666
2025-07-24T02:26:19.1092953Z,Buy,19.87,459
2025-07-24T02:26:19.1192953Z,Sell,19.85,1058
2025-07-24T02:26:19.1492953Z,Sell,19.85,2500
2025-07-24T02:26:19.1492953Z,Sell,19.85,2417
2025-07-24T02:26:19.1792953Z,Sell,19.85,914
2025-07-24T02:26:19.1792953Z,Sell,19.85,13
2025-07-24T02:26:19.1792953Z,Sell,19.85,821
2025-07-24T02:26:19.1992953Z,Sell,19.85,263
2025-07-24T02:26:19.1992953Z,Sell,19.85,1483
2025-07-24T02:26:19.2492953Z,Sell,19.84,252
2025-07-24T02:26:19.2692953Z,Buy,19.85,1629
2025-07-24T02:26:19.2692953Z,Buy,19.86,159
2025-07-24T02:26:19.3092953Z,Buy,19.86,1897
2025-07-24T02:26:19.3692953Z,Sell,19.84,772
2025-07-24T02:26:19.3792953Z,Sell,19.84,1538
2025-07-24T02:26:19.3892953Z,Sell,19.84,397
2025-07-24T02:26:19.3892953Z,Sell,19.84,326
2025-07-24T02:26:19.3892953Z,Sell,19.84,268
2025-07-24T02:26:19.3992953Z,Buy,19.85,1936
2025-07-24T02:26:19.4092953Z,Sell,19.84,523
2025-07-24T02:26:19.4392953Z,Buy,19.85,1124
2025-07-24T02:26:19.4692953Z,Sell,19.84,675
2025-07-24T02:26:19.4692953Z,Sell,19.84,2729
2025-07-24T02:26:19.4692953Z,Sell,19.84,1387
2025-07-24T02:26:19.4692953Z,Sell,19.84,255
2025-07-24T02:26:19.4692953Z,Sell,19.84,202
2025-07-24T02:26:19.4692953Z,Sell,19.84,27
2025-07-24T02:26:19.4792953Z,Sell,19.83,179
2025-07-24T02:26:19.4892953Z,Sell,19.83,2500
2025-07-24T02:26:19.4892953Z,Sell,19.83,83
2025-07-24T02:26:19.4892953Z,Sell,19.83,1742
2025-07-24T02:26:19.5292953Z,Sell,19.83,359
2025-07-24T02:26:19.5292953Z,Sell,19.83,335
2025-07-24T02:26:19.5292953Z,Sell,19.83,406
2025-07-24T02:26:19.5292953Z,Sell,19.83,1090
2025-07-24T02:26:19.5292953Z,Sell,19.83,663
2025-07-24T02:26:19.5392953Z,Buy,19.84,284
2025-07-24T02:26:19.5392953Z,Buy,19.85,1111
2025-07-24T02:26:19.5492953Z,Sell,19.83,365
2025-07-24T02:26:19.5692953Z,Buy,19.85,2500
2025-07-24T02:26:19.5692953Z,Buy,19.85,309
2025-07-24T02:26:19.5692953Z,Buy,19.85,1992
2025-07-24T02:26:19.5692953Z,Buy,19.85,2575
2025-07-24T02:26:19.5792953Z,Sell,19.83,1108
2025-07-24T02:26:19.5892953Z,Buy,19.85,446
2025-07-24T02:26:19.5892953Z,Buy,19.85,332
2025-07-24T02:26:19.5892953Z,Buy,19.85,744
2025-07-24T02:26:19.5892953Z,Buy,19.85,971
2025-07-24T02:26:19.5992953Z,Sell,19.83,226
2025-07-24T02:26:19.5992953Z,Sell,19.83,215
2025-07-24T02:26:19.6092953Z,Sell,19.83,1415
2025-07-24T02:26:19.6192953Z,Buy,19.85,1529
2025-07-24T02:26:19.6192953Z,Buy,19.85,971
2025-07-24T02:26:19.6192953Z,Buy,19.86,601
2025-07-24T02:26:19.6192953Z,Buy,19.86,2152
2025-07-24T02:26:19.6192953Z,Buy,19.87,240
2025-07-24T02:26:19.6192953Z,Buy,19.87,636
2025-07-24T02:26:19.6192953Z,Buy,19.87,2040
2025-07-24T02:26:19.6392953Z,Sell,19.85,172
2025-07-24T02:26:19.6392953Z,Sell,19.85,1331
2025-07-24T02:26:19.6492953Z,Sell,19.85,274
2025-07-24T02:26:19.6592953Z,Sell,19.85,1331
2025-07-24T02:26:19.6592953Z,Sell,19.85,895
2025-07-24T02:26:19.6592953Z,Sell,19.85,274
2025-07-24T02:26:19.6592953Z,Sell,19.84,2152
2025-07-24T02:26:19.6592953Z,Sell,19.83,510
2025-07-24T02:26:19.6592953Z,Sell,19.83,1852
2025-07-24T02:26:19.6592953Z,Sell,19.82,2621
2025-07-24T02:26:19.6592953Z,Sell,19.82,1276
2025-07-24T02:26:19.6592953Z,Sell,19.82,3717
2025-07-24T02:26:19.6592953Z,Sell,19.82,1594
2025-07-24T02:26:19.6592953Z,Sell,19.81,386
2025-07-24T02:26:19.6592953Z,Sell,19.81,1372
2025-07-24T02:26:19.6592953Z,Sell,19.80,1181
2025-07-24T02:26:19.6592953Z,Sell,19.79,1016
2025-07-24T02:26:19.6592953Z,Sell,19.78,875
2025-07-24T02:26:19.6592953Z,Sell,19.77,753
2025-07-24T02:26:19.6592953Z,Sell,19.76,648
2025-07-24T02:26:19.6692953Z,Buy,19.87,812
2025-07-24T02:26:19.6692953Z,Buy,19.87,150
2025-07-24T02:26:19.7092953Z,Sell,19.85,188
2025-07-24T02:26:19.7292953Z,Buy,19.87,1617
2025-07-24T02:26:19.7392953Z,Buy,19.87,441
2025-07-24T02:26:19.7692953Z,Buy,19.87,320
2025-07-24T02:26:19.7792953Z,Buy,19.87,537
2025-07-24T02:26:19.7792953Z,Buy,19.87,1314
2025-07-24T02:26:19.7792953Z,Buy,19.87,1731
2025-07-24T02:26:19.7792953Z,Buy,19.87,2439
2025-07-24T02:26:19.7892953Z,Sell,19.86,934
2025-07-24T02:26:19.7892953Z,Sell,19.86,2500
2025-07-24T02:26:19.7892953Z,Sell,19.85,104
2025-07-24T02:26:19.7892953Z,Sell,19.85,2152
2025-07-24T02:26:19.7892953Z,Sell,19.84,2023
2025-07-24T02:26:19.7892953Z,Sell,19.84,1852
2025-07-24T02:26:19.7892953Z,Sell,19.83,1594
2025-07-24T02:26:19.7892953Z,Sell,19.82,1372
2025-07-24T02:26:19.7892953Z,Sell,19.81,1181
2025-07-24T02:26:19.7892953Z,Sell,19.80,972
2025-07-24T02:26:19.8092953Z,Sell,19.82,2363
2025-07-24T02:26:19.8292953Z,Buy,19.83,399
2025-07-24T02:26:19.8292953Z,Buy,19.84,1076
2025-07-24T02:26:19.8492953Z,Buy,19.83,633
2025-07-24T02:26:19.8692953Z,Buy,19.83,283
2025-07-24T02:26:19.8692953Z,Buy,19.83,344
2025-07-24T02:26:19.8692953Z,Buy,19.83,74
2025-07-24T02:26:19.8892953Z,Sell,19.81,565
2025-07-24T02:26:19.9192953Z,Sell,19.81,590
2025-07-24T02:26:19.9292953Z,Sell,19.81,2500
2025-07-24T02:26:19.9292953Z,Sell,19.81,361
2025-07-24T02:26:19.9392953Z,Sell,19.81,713
2025-07-24T02:26:19.9492953Z,Buy,19.83,268
2025-07-24T02:26:19.9792953Z,Buy,19.83,83
2025-07-24T02:26:19.9892953Z,Sell,19.82,227
2025-07-24T02:26:20.0392953Z,Buy,19.83,1388
2025-07-24T02:26:20.0492953Z,Sell,19.82,235
2025-07-24T02:26:20.0492953Z,Sell,19.82,330
2025-07-24T02:26:20.0992953Z,Buy,19.83,141
2025-07-24T02:26:20.0992953Z,Buy,19.83,854
2025-07-24T02:26:20.0992953Z,Buy,19.83,306
2025-07-24T02:26:20.0992953Z,Buy,19.83,1276
2025-07-24T02:26:20.0992953Z,Buy,19.83,745
2025-07-24T02:26:20.1092953Z,Buy,19.83,838
2025-07-24T02:26:20.1092953Z,Buy,19.84,108
2025-07-24T02:26:20.1392953Z,Buy,19.84,712
2025-07-24T02:26:20.1492953Z,Sell,19.82,2504
2025-07-24T02:26:20.1792953Z,Buy,19.84,933
2025-07-24T02:26:20.1792953Z,Buy,19.84,1404
2025-07-24T02:26:20.1892953Z,Sell,19.83,353
2025-07-24T02:26:20.1892953Z,Sell,19.83,2500
2025-07-24T02:26:20.1892953Z,Sell,19.82,586
2025-07-24T02:26:20.1992953Z,Buy,19.84,529
2025-07-24T02:26:20.2492953Z,Sell,19.82,1200
2025-07-24T02:26:20.2492953Z,Sell,19.82,65
2025-07-24T02:26:20.2592953Z,Buy,19.83,1963
2025-07-24T02:26:20.2792953Z,Sell,19.82,386
2025-07-24T02:26:20.2792953Z,Sell,19.82,1028
2025-07-24T02:26:20.2792953Z,Sell,19.82,1612
2025-07-24T02:26:20.2792953Z,Sell,19.82,2500
2025-07-24T02:26:20.2792953Z,Sell,19.81,1092
2025-07-24T02:26:20.2892953Z,Buy,19.83,582
2025-07-24T02:26:20.3192953Z,Buy,19.82,3860
2025-07-24T02:26:20.3192953Z,Buy,19.83,1083
2025-07-24T02:26:20.3492953Z,Sell,19.81,114
2025-07-24T02:26:20.3692953Z,Sell,19.81,323
2025-07-24T02:26:20.3892953Z,Buy,19.83,142
2025-07-24T02:26:20.3992953Z,Sell,19.81,642
2025-07-24T02:26:20.3992953Z,Sell,19.81,188
2025-07-24T02:26:20.3992953Z,Sell,19.81,499
2025-07-24T02:26:20.4292953Z,Buy,19.82,885
2025-07-24T02:26:20.4292953Z,Buy,19.83,111
2025-07-24T02:26:20.4392953Z,Buy,19.83,1047
2025-07-24T02:26:20.4492953Z,Sell,19.81,238
2025-07-24T02:26:20.4492953Z,Sell,19.81,220
2025-07-24T02:26:20.4592953Z,Buy,19.83,2500
2025-07-24T02:26:20.4592953Z,Buy,19.83,81
2025-07-24T02:26:20.4792953Z,Sell,19.81,2500
2025-07-24T02:26:20.4792953Z,Sell,19.80,1039
2025-07-24T02:26:20.4792953Z,Sell,19.80,344
2025-07-24T02:26:20.4892953Z,Buy,19.82,624
2025-07-24T02:26:20.5092953Z,Sell,19.80,98
2025-07-24T02:26:20.5392953Z,Buy,19.81,379
2025-07-24T02:26:20.5692953Z,Sell,19.80,183
2025-07-24T02:26:20.5692953Z,Sell,19.80,574
2025-07-24T02:26:20.5792953Z,Buy,19.81,366
2025-07-24T02:26:20.5992953Z,Sell,19.80,241
2025-07-24T02:26:20.5992953Z,Sell,19.80,825
2025-07-24T02:26:20.6192953Z,Buy,19.81,679
2025-07-24T02:26:20.6392953Z,Buy,19.81,2672
2025-07-24T02:26:20.6392953Z,Buy,19.81,1420
2025-07-24T02:26:20.6492953Z,Buy,19.81,52
2025-07-24T02:26:20.6592953Z,Sell,19.80,819
2025-07-24T02:26:20.6692953Z,Sell,19.80,656
2025-07-24T02:26:20.6792953Z,Sell,19.80,393
2025-07-24T02:26:20.6792953Z,Sell,19.80,386
2025-07-24T02:26:20.6992953Z,Sell,19.79,2500
2025-07-24T02:26:20.6992953Z,Sell,19.79,180
2025-07-24T02:26:20.6992953Z,Sell,19.78,1112
2025-07-24T02:26:20.7492953Z,Buy,19.80,590
2025-07-24T02:26:20.7592953Z,Buy,19.80,817
2025-07-24T02:26:20.7592953Z,Buy,19.80,488
2025-07-24T02:26:20.8092953Z,Sell,19.79,1782
2025-07-24T02:26:20.8192953Z,Buy,19.80,66
2025-07-24T02:26:20.8192953Z,Buy,19.80,302
2025-07-24T02:26:20.8192953Z,Buy,19.80,265
2025-07-24T02:26:20.8392953Z,Buy,19.80,811
2025-07-24T02:26:20.8492953Z,Sell,19.79,184
2025-07-24T02:26:20.8792953Z,Sell,19.79,2237
2025-07-24T02:26:20.9092953Z,Sell,19.79,754
2025-07-24T02:26:20.9192953Z,Sell,19.79,1205
2025-07-24T02:26:20.9192953Z,Sell,19.79,1643
2025-07-24T02:26:20.9292953Z,Sell,19.78,214
2025-07-24T02:26:20.9392953Z,Sell,19.78,284
2025-07-24T02:26:20.9492953Z,Sell,19.78,2500
2025-07-24T02:26:20.9492953Z,Sell,19.78,772
2025-07-24T02:26:20.9492953Z,Sell,19.78,1908
2025-07-24T02:26:20.9492953Z,Sell,19.77,817
2025-07-24T02:26:20.9592953Z,Sell,19.78,533
2025-07-24T02:26:20.9692953Z,Sell,19.78,862
2025-07-24T02:26:20.9992953Z,Buy,19.80,336
2025-07-24T02:26:21.0092953Z,Sell,19.78,472
2025-07-24T02:26:21.0192953Z,Sell,19.78,280
2025-07-24T02:26:21.0292953Z,Buy,19.80,492
2025-07-24T02:26:21.0592953Z,Sell,19.78,1298
2025-07-24T02:26:21.0692953Z,Buy,19.80,1092
2025-07-24T02:26:21.0892953Z,Sell,19.78,1498
2025-07-24T02:26:21.0892953Z,Sell,19.78,552
2025-07-24T02:26:21.1092953Z,Buy,19.80,2500
2025-07-24T02:26:21.1092953Z,Buy,19.80,16
2025-07-24T02:26:21.1292953Z,Sell,19.79,1500
2025-07-24T02:26:21.1492953Z,Sell,19.79,287
2025-07-24T02:26:21.1692953Z,Buy,19.80,259
2025-07-24T02:26:21.1892953Z,Sell,19.79,129
2025-07-24T02:26:21.1892953Z,Sell,19.79,598
2025-07-24T02:26:21.2092953Z,Sell,19.79,865
2025-07-24T02:26:21.2092953Z,Sell,19.79,213
2025-07-24T02:26:21.2592953Z,Sell,19.79,657
2025-07-24T02:26:21.2592953Z,Sell,19.79,209
2025-07-24T02:26:21.2592953Z,Sell,19.79,347
2025-07-24T02:26:21.2792953Z,Sell,19.78,206
2025-07-24T02:26:21.3092953Z,Buy,19.80,831
2025-07-24T02:26:21.3092953Z,Buy,19.80,1384
2025-07-24T02:26:21.3192953Z,Sell,19.78,840
2025-07-24T02:26:21.3292953Z,Sell,19.78,652
2025-07-24T02:26:21.3492953Z,Buy,19.79,363
2025-07-24T02:26:21.3492953Z,Buy,19.80,2500
2025-07-24T02:26:21.3492953Z,Buy,19.80,1326
2025-07-24T02:26:21.3492953Z,Buy,19.80,3518
2025-07-24T02:26:21.3492953Z,Buy,19.80,2646
2025-07-24T02:26:21.3492953Z,Buy,19.80,1702
2025-07-24T02:26:21.3492953Z,Buy,19.80,1081
2025-07-24T02:26:21.3692953Z,Sell,19.78,2437
2025-07-24T02:26:21.3792953Z,Buy,19.80,6571
2025-07-24T02:26:21.3792953Z,Buy,19.80,360
2025-07-24T02:26:21.3892953Z,Sell,19.78,254
2025-07-24T02:26:21.3992953Z,Sell,19.78,1485
2025-07-24T02:26:21.4392953Z,Sell,19.78,1830
2025-07-24T02:26:21.4492953Z,Sell,19.78,456
2025-07-24T02:26:21.4492953Z,Sell,19.78,1015
2025-07-24T02:26:21.4492953Z,Sell,19.78,88
2025-07-24T02:26:21.4592953Z,Sell,19.78,4061
2025-07-24T02:26:21.4692953Z,Sell,19.78,1397
2025-07-24T02:26:21.4692953Z,Sell,19.78,1103
2025-07-24T02:26:21.4692953Z,Sell,19.78,5719
2025-07-24T02:26:21.4892953Z,Buy,19.80,1137
2025-07-24T02:26:21.5292953Z,Sell,19.79,122
2025-07-24T02:26:21.5392953Z,Sell,19.79,194
2025-07-24T02:26:21.5492953Z,Buy,19.80,670
2025-07-24T02:26:21.5492953Z,Buy,19.80,170
2025-07-24T02:26:21.5592953Z,Sell,19.79,536
2025-07-24T02:26:21.5592953Z,Sell,19.79,2500
2025-07-24T02:26:21.5592953Z,Sell,19.78,1932
2025-07-24T02:26:21.5592953Z,Sell,19.78,1413
2025-07-24T02:26:21.5692953Z,Sell,19.78,1825
2025-07-24T02:26:21.5892953Z,Sell,19.77,2500
2025-07-24T02:26:21.5892953Z,Sell,19.77,3074
2025-07-24T02:26:21.5892953Z,Sell,19.76,2152
2025-07-24T02:26:21.5892953Z,Sell,19.75,282
2025-07-24T02:26:21.6092953Z,Sell,19.76,1591
2025-07-24T02:26:21.6292953Z,Sell,19.75,420
2025-07-24T02:26:21.6392953Z,Buy,19.77,2603
2025-07-24T02:26:21.6492953Z,Sell,19.75,602
2025-07-24T02:26:21.6592953Z,Buy,19.77,1291
2025-07-24T02:26:21.6592953Z,Buy,19.77,1137
2025-07-24T02:26:21.6592953Z,Buy,19.77,2500
2025-07-24T02:26:21.6592953Z,Buy,19.78,286
2025-07-24T02:26:21.7092953Z,Sell,19.76,900
2025-07-24T02:26:21.7092953Z,Sell,19.76,1804
2025-07-24T02:26:21.7192953Z,Sell,19.75,544
2025-07-24T02:26:21.7292953Z,Sell,19.75,2130
2025-07-24T02:26:21.7392953Z,Buy,19.77,2143
2025-07-24T02:26:21.7392953Z,Buy,19.77,643
2025-07-24T02:26:21.7392953Z,Buy,19.77,839
2025-07-24T02:26:21.7492953Z,Buy,19.77,1661
2025-07-24T02:26:21.7492953Z,Buy,19.77,839
2025-07-24T02:26:21.7492953Z,Buy,19.78,1903
2025-07-24T02:26:21.7492953Z,Buy,19.78,1390
2025-07-24T02:26:21.7592953Z,Sell,19.76,1226
2025-07-24T02:26:21.7992953Z,Sell,19.75,386
2025-07-24T02:26:21.8092953Z,Buy,19.77,1959
2025-07-24T02:26:21.8192953Z,Buy,19.77,1249
2025-07-24T02:26:21.8392953Z,Buy,19.77,294
2025-07-24T02:26:21.8392953Z,Buy,19.77,1138
2025-07-24T02:26:21.8592953Z,Buy,19.77,1113
2025-07-24T02:26:21.8692953Z,Buy,19.77,211
2025-07-24T02:26:21.8692953Z,Buy,19.77,841
2025-07-24T02:26:21.8692953Z,Buy,19.77,92
2025-07-24T02:26:21.8792953Z,Buy,19.77,350
2025-07-24T02:26:21.9092953Z,Sell,19.75,451
2025-07-24T02:26:21.9392953Z,Buy,19.76,401
2025-07-24T02:26:21.9792953Z,Sell,19.75,879
2025-07-24T02:26:21.9892953Z,Sell,19.75,279
2025-07-24T02:26:21.9992953Z,Buy,19.76,1146
2025-07-24T02:26:22.0092953Z,Buy,19.76,168
2025-07-24T02:26:22.0092953Z,Buy,19.77,2153
2025-07-24T02:26:22.0192953Z,Sell,19.75,849
2025-07-24T02:26:22.0192953Z,Sell,19.75,5626
2025-07-24T02:26:22.0292953Z,Buy,19.77,282
2025-07-24T02:26:22.0692953Z,Sell,19.75,428
2025-07-24T02:26:22.0692953Z,Sell,19.75,527
2025-07-24T02:26:22.1092953Z,Buy,19.76,4805
2025-07-24T02:26:22.1292953Z,Buy,19.76,302
2025-07-24T02:26:22.1292953Z,Buy,19.77,2500
2025-07-24T02:26:22.1292953Z,Buy,19.77,1015
2025-07-24T02:26:22.1292953Z,Buy,19.78,2152
2025-07-24T02:26:22.1292953Z,Buy,19.78,977
2025-07-24T02:26:22.1292953Z,Buy,19.78,312
2025-07-24T02:26:22.1292953Z,Buy,19.79,523
2025-07-24T02:26:22.1392953Z,Buy,19.78,942
2025-07-24T02:26:22.1892953Z,Buy,19.77,494
2025-07-24T02:26:22.2092953Z,Buy,19.77,12
2025-07-24T02:26:22.2092953Z,Buy,19.78,2500
2025-07-24T02:26:22.2092953Z,Buy,19.79,2152
2025-07-24T02:26:22.2092953Z,Buy,19.79,989
2025-07-24T02:26:22.2492953Z,Sell,19.77,2849
2025-07-24T02:26:22.2492953Z,Sell,19.77,1932
2025-07-24T02:26:22.2892953Z,Buy,19.78,157
2025-07-24T02:26:22.2892953Z,Buy,19.78,1227
2025-07-24T02:26:22.2992953Z,Sell,19.76,1110
2025-07-24T02:26:22.3092953Z,Sell,19.76,237
2025-07-24T02:26:22.3192953Z,Sell,19.76,1110
2025-07-24T02:26:22.3192953Z,Sell,19.76,1153
2025-07-24T02:26:22.3192953Z,Sell,19.76,237
2025-07-24T02:26:22.3192953Z,Sell,19.76,610
2025-07-24T02:26:22.3192953Z,Sell,19.76,420
2025-07-24T02:26:22.3192953Z,Sell,19.76,5784
2025-07-24T02:26:22.3192953Z,Sell,19.75,2152
2025-07-24T02:26:22.3192953Z,Sell,19.75,2396
2025-07-24T02:26:22.3492953Z,Sell,19.76,390
2025-07-24T02:26:22.3892953Z,Sell,19.76,482
2025-07-24T02:26:22.3992953Z,Sell,19.76,87
2025-07-24T02:26:22.3992953Z,Sell,19.76,2500
2025-07-24T02:26:22.3992953Z,Sell,19.75,2239
2025-07-24T02:26:22.4192953Z,Sell,19.75,600
2025-07-24T02:26:22.4292953Z,Sell,19.75,910
2025-07-24T02:26:22.4292953Z,Sell,19.75,764
2025-07-24T02:26:22.4292953Z,Sell,19.75,2238
2025-07-24T02:26:22.4492953Z,Buy,19.77,208
2025-07-24T02:26:22.4592953Z,Buy,19.77,1241
2025-07-24T02:26:22.4792953Z,Sell,19.75,170
2025-07-24T02:26:22.4992953Z,Buy,19.77,606
2025-07-24T02:26:22.5092953Z,Sell,19.75,3310
2025-07-24T02:26:22.5392953Z,Buy,19.77,1353
2025-07-24T02:26:22.5392953Z,Buy,19.77,750
2025-07-24T02:26:22.5392953Z,Buy,19.77,1175
2025-07-24T02:26:22.5392953Z,Buy,19.77,1094
2025-07-24T02:26:22.5392953Z,Buy,19.77,1894
2025-07-24T02:26:22.5392953Z,Buy,19.77,606
2025-07-24T02:26:22.5392953Z,Buy,19.77,842
2025-07-24T02:26:22.5692953Z,Sell,19.75,1012
2025-07-24T02:26:22.5792953Z,Buy,19.77,265
2025-07-24T02:26:22.5892953Z,Buy,19.77,680
2025-07-24T02:26:22.6092953Z,Buy,19.77,917
2025-07-24T02:26:22.6292953Z,Sell,19.75,2330
2025-07-24T02:26:22.6292953Z,Sell,19.75,170
2025-07-24T02:26:22.6292953Z,Sell,19.75,406
2025-07-24T02:26:22.6592953Z,Buy,19.76,624
2025-07-24T02:26:22.6592953Z,Buy,19.77,2500
2025-07-24T02:26:22.6592953Z,Buy,19.77,291
2025-07-24T02:26:22.6592953Z,Buy,19.78,2152
2025-07-24T02:26:22.6592953Z,Buy,19.79,289
2025-07-24T02:26:22.6792953Z,Buy,19.78,2500
2025-07-24T02:26:22.6792953Z,Buy,19.79,196
2025-07-24T02:26:22.7092953Z,Buy,19.78,296
2025-07-24T02:26:22.7192953Z,Buy,19.78,140
2025-07-24T02:26:22.7192953Z,Buy,19.79,1887
2025-07-24T02:26:22.7292953Z,Sell,19.77,74
2025-07-24T02:26:22.7292953Z,Sell,19.77,2063
2025-07-24T02:26:22.7492953Z,Sell,19.77,1515
2025-07-24T02:26:22.7592953Z,Buy,19.79,1437
2025-07-24T02:26:22.7692953Z,Buy,19.79,267
2025-07-24T02:26:22.7892953Z,Buy,19.79,1754
2025-07-24T02:26:22.7892953Z,Buy,19.79,1242
2025-07-24T02:26:22.7892953Z,Buy,19.79,1137
2025-07-24T02:26:22.7892953Z,Buy,19.79,732
2025-07-24T02:26:22.7892953Z,Buy,19.79,180
2025-07-24T02:26:22.8192953Z,Sell,19.78,893
2025-07-24T02:26:22.8192953Z,Sell,19.78,793
2025-07-24T02:26:22.8392953Z,Sell,19.77,1887
2025-07-24T02:26:22.8892953Z,Buy,19.78,534
2025-07-24T02:26:22.8992953Z,Buy,19.78,224
2025-07-24T02:26:22.9092953Z,Sell,19.76,728
2025-07-24T02:26:22.9292953Z,Buy,19.78,943
2025-07-24T02:26:22.9292953Z,Buy,19.79,2500
2025-07-24T02:26:22.9292953Z,Buy,19.79,406
2025-07-24T02:26:22.9292953Z,Buy,19.79,2232
2025-07-24T02:26:22.9292953Z,Buy,19.79,1375
2025-07-24T02:26:22.9292953Z,Buy,19.80,2152
2025-07-24T02:26:22.9292953Z,Buy,19.80,727
2025-07-24T02:26:22.9292953Z,Buy,19.80,584
2025-07-24T02:26:22.9292953Z,Buy,19.81,1852
2025-07-24T02:26:22.9292953Z,Buy,19.81,917
2025-07-24T02:26:22.9392953Z,Buy,19.80,1443
2025-07-24T02:26:22.9492953Z,Buy,19.80,473
2025-07-24T02:26:22.9592953Z,Buy,19.80,809
2025-07-24T02:26:22.9992953Z,Sell,19.78,1052
2025-07-24T02:26:23.0092953Z,Buy,19.80,584
2025-07-24T02:26:23.0092953Z,Buy,19.80,473
2025-07-24T02:26:23.0092953Z,Buy,19.80,634
2025-07-24T02:26:23.0092953Z,Buy,19.80,107
2025-07-24T02:26:23.0192953Z,Buy,19.80,649
2025-07-24T02:26:23.0392953Z,Sell,19.78,459
2025-07-24T02:26:23.0792953Z,Buy,19.80,1031
2025-07-24T02:26:23.0892953Z,Sell,19.78,1448
2025-07-24T02:26:23.0892953Z,Sell,19.78,761
2025-07-24T02:26:23.1092953Z,Sell,19.78,110
2025-07-24T02:26:23.1092953Z,Sell,19.78,2500
2025-07-24T02:26:23.1092953Z,Sell,19.77,189
2025-07-24T02:26:23.1092953Z,Sell,19.77,934
2025-07-24T02:26:23.1192953Z,Buy,19.79,140
2025-07-24T02:26:23.1492953Z,Buy,19.79,1879
2025-07-24T02:26:23.1592953Z,Buy,19.79,1834
2025-07-24T02:26:23.1892953Z,Sell,19.77,498
2025-07-24T02:26:23.1892953Z,Sell,19.77,802
2025-07-24T02:26:23.1892953Z,Sell,19.77,608
2025-07-24T02:26:23.2092953Z,Buy,19.79,1731
2025-07-24T02:26:23.2092953Z,Buy,19.79,1879
2025-07-24T02:26:23.2092953Z,Buy,19.79,1335
2025-07-24T02:26:23.2192953Z,Buy,19.79,426
2025-07-24T02:26:23.2292953Z,Buy,19.79,175
2025-07-24T02:26:23.2392953Z,Buy,19.79,621
2025-07-24T02:26:23.2392953Z,Buy,19.79,1177
2025-07-24T02:26:23.2392953Z,Buy,19.79,152
2025-07-24T02:26:23.2492953Z,Sell,19.77,2500
2025-07-24T02:26:23.2492953Z,Sell,19.77,871
2025-07-24T02:26:23.2992953Z,Buy,19.79,91
2025-07-24T02:26:23.2992953Z,Buy,19.79,235
2025-07-24T02:26:23.3392953Z,Buy,19.79,1727
2025-07-24T02:26:23.3392953Z,Buy,19.79,773
2025-07-24T02:26:23.3392953Z,Buy,19.79,281
2025-07-24T02:26:23.3392953Z,Buy,19.79,724
2025-07-24T02:26:23.3392953Z,Buy,19.79,221
2025-07-24T02:26:23.3392953Z,Buy,19.80,496
2025-07-24T02:26:23.3792953Z,Buy,19.79,530
2025-07-24T02:26:23.3792953Z,Buy,19.80,481
2025-07-24T02:26:23.3892953Z,Buy,19.80,1324
2025-07-24T02:26:23.3992953Z,Buy,19.80,1769
2025-07-24T02:26:23.4092953Z,Buy,19.80,2500
2025-07-24T02:26:23.4092953Z,Buy,19.80,3224
2025-07-24T02:26:23.4092953Z,Buy,19.80,334
2025-07-24T02:26:23.4292953Z,Buy,19.80,528
2025-07-24T02:26:23.4292953Z,Buy,19.80,1412
2025-07-24T02:26:23.4292953Z,Buy,19.80,2500
2025-07-24T02:26:23.4292953Z,Buy,19.80,578
2025-07-24T02:26:23.4492953Z,Buy,19.80,1365
2025-07-24T02:26:23.4592953Z,Buy,19.80,1412
2025-07-24T02:26:23.4792953Z,Buy,19.80,1190
2025-07-24T02:26:23.4892953Z,Sell,19.78,357
2025-07-24T02:26:23.4992953Z,Buy,19.80,1088
2025-07-24T02:26:23.4992953Z,Buy,19.80,423
2025-07-24T02:26:23.5092953Z,Buy,19.80,1393
2025-07-24T02:26:23.5092953Z,Buy,19.80,989
2025-07-24T02:26:23.5092953Z,Buy,19.80,765
2025-07-24T02:26:23.5192953Z,Buy,19.80,228
2025-07-24T02:26:23.5292953Z,Buy,19.80,1754
2025-07-24T02:26:23.5292953Z,Buy,19.80,518
2025-07-24T02:26:23.5292953Z,Buy,19.80,228
2025-07-24T02:26:23.5292953Z,Buy,19.81,962
2025-07-24T02:26:23.5292953Z,Buy,19.81,1663
2025-07-24T02:26:23.5292953Z,Buy,19.81,606
2025-07-24T02:26:23.5292953Z,Buy,19.81,343
2025-07-24T02:26:23.5692953Z,Sell,19.78,1223
2025-07-24T02:26:23.5892953Z,Buy,19.80,1186
2025-07-24T02:26:23.5992953Z,Buy,19.80,1016
2025-07-24T02:26:23.6092953Z,Buy,19.80,593
2025-07-24T02:26:23.6192953Z,Buy,19.80,88
2025-07-24T02:26:23.6392953Z,Buy,19.80,1143
2025-07-24T02:26:23.6692953Z,Buy,19.80,3612
2025-07-24T02:26:23.6692953Z,Buy,19.80,2432
2025-07-24T02:26:23.6792953Z,Buy,19.80,227
2025-07-24T02:26:23.6792953Z,Buy,19.80,254
2025-07-24T02:26:23.6792953Z,Buy,19.80,1096
2025-07-24T02:26:23.6992953Z,Buy,19.80,1238
2025-07-24T02:26:23.7092953Z,Buy,19.80,81
2025-07-24T02:26:23.7192953Z,Buy,19.80,166
2025-07-24T02:26:23.7192953Z,Buy,19.80,1238
2025-07-24T02:26:23.7192953Z,Buy,19.80,315
2025-07-24T02:26:23.7292953Z,Buy,19.80,81
2025-07-24T02:26:23.7292953Z,Buy,19.80,700
2025-07-24T02:26:23.7292953Z,Buy,19.80,1719
2025-07-24T02:26:23.7292953Z,Buy,19.81,2088
2025-07-24T02:26:23.7292953Z,Buy,19.81,2152
2025-07-24T02:26:23.7292953Z,Buy,19.82,348
2025-07-24T02:26:23.7692953Z,Sell,19.78,154
2025-07-24T02:26:23.8092953Z,Sell,19.79,1779
2025-07-24T02:26:23.8192953Z,Buy,19.80,615
2025-07-24T02:26:23.8192953Z,Buy,19.80,98
2025-07-24T02:26:23.8292953Z,Sell,19.79,340
2025-07-24T02:26:23.8492953Z,Buy,19.80,788
2025-07-24T02:26:23.8492953Z,Buy,19.81,505
2025-07-24T02:26:23.8692953Z,Buy,19.81,859
2025-07-24T02:26:23.8892953Z,Buy,19.81,88
2025-07-24T02:26:23.8992953Z,Buy,19.81,497
2025-07-24T02:26:23.9192953Z,Buy,19.81,1183
2025-07-24T02:26:23.9292953Z,Sell,19.79,81
2025-07-24T02:26:23.9292953Z,Sell,19.79,440
2025-07-24T02:26:23.9392953Z,Sell,19.79,91
2025-07-24T02:26:23.9392953Z,Sell,19.79,2500
2025-07-24T02:26:23.9392953Z,Sell,19.78,19
2025-07-24T02:26:23.9592953Z,Buy,19.80,544
2025-07-24T02:26:23.9692953Z,Buy,19.80,48
2025-07-24T02:26:23.9692953Z,Buy,19.80,556
2025-07-24T02:26:23.9792953Z,Sell,19.78,974
2025-07-24T02:26:23.9992953Z,Buy,19.81,318
2025-07-24T02:26:24.0192953Z,Buy,19.81,956
2025-07-24T02:26:24.0592953Z,Buy,19.82,1073
2025-07-24T02:26:24.0692953Z,Buy,19.82,901
2025-07-24T02:26:24.0792953Z,Sell,19.80,326
2025-07-24T02:26:24.0792953Z,Sell,19.80,128
2025-07-24T02:26:24.1092953Z,Sell,19.79,866
2025-07-24T02:26:24.1292953Z,Sell,19.80,567
2025-07-24T02:26:24.1292953Z,Sell,19.80,2500
2025-07-24T02:26:24.1292953Z,Sell,19.79,143
2025-07-24T02:26:24.1692953Z,Buy,19.81,471
2025-07-24T02:26:24.1992953Z,Buy,19.81,1458
2025-07-24T02:26:24.2292953Z,Buy,19.81,658
2025-07-24T02:26:24.2292953Z,Buy,19.82,902
2025-07-24T02:26:24.2492953Z,Buy,19.82,2500
2025-07-24T02:26:24.2492953Z,Buy,19.82,278
2025-07-24T02:26:24.2492953Z,Buy,19.83,2152
2025-07-24T02:26:24.2492953Z,Buy,19.84,1852
2025-07-24T02:26:24.2492953Z,Buy,19.85,1594
2025-07-24T02:26:24.2492953Z,Buy,19.86,1372
2025-07-24T02:26:24.2492953Z,Buy,19.86,476
2025-07-24T02:26:24.2492953Z,Buy,19.87,714
2025-07-24T02:26:24.2592953Z,Buy,19.84,2500
2025-07-24T02:26:24.2592953Z,Buy,19.85,2152
2025-07-24T02:26:24.2592953Z,Buy,19.86,1852
2025-07-24T02:26:24.2592953Z,Buy,19.87,187
2025-07-24T02:26:24.2692953Z,Sell,19.84,265
2025-07-24T02:26:24.2892953Z,Sell,19.84,1281
2025-07-24T02:26:24.2992953Z,Sell,19.84,265
2025-07-24T02:26:24.2992953Z,Sell,19.84,954
2025-07-24T02:26:24.2992953Z,Sell,19.84,1281
2025-07-24T02:26:24.2992953Z,Sell,19.83,848
2025-07-24T02:26:24.2992953Z,Sell,19.83,5
2025-07-24T02:26:24.3092953Z,Buy,19.85,297
2025-07-24T02:26:24.3192953Z,Sell,19.83,977
2025-07-24T02:26:24.3492953Z,Buy,19.84,297
2025-07-24T02:26:24.3492953Z,Buy,19.85,1580
2025-07-24T02:26:24.3792953Z,Sell,19.84,750
2025-07-24T02:26:24.3892953Z,Buy,19.86,1508
2025-07-24T02:26:24.4092953Z,Buy,19.85,345
2025-07-24T02:26:24.4092953Z,Buy,19.86,2500
2025-07-24T02:26:24.4092953Z,Buy,19.87,571
2025-07-24T02:26:24.4292953Z,Buy,19.86,1616
2025-07-24T02:26:24.4292953Z,Buy,19.86,55
2025-07-24T02:26:24.4492953Z,Sell,19.85,359
2025-07-24T02:26:24.4892953Z,Sell,19.85,1103
2025-07-24T02:26:24.4992953Z,Sell,19.85,657
2025-07-24T02:26:24.5092953Z,Buy,19.87,502
2025-07-24T02:26:24.5292953Z,Buy,19.87,823
2025-07-24T02:26:24.5392953Z,Buy,19.87,1941
2025-07-24T02:26:24.5692953Z,Sell,19.86,872
2025-07-24T02:26:24.6092953Z,Buy,19.87,591
2025-07-24T02:26:24.6092953Z,Buy,19.88,2500
2025-07-24T02:26:24.6092953Z,Buy,19.88,990
2025-07-24T02:26:24.6092953Z,Buy,19.88,3150
2025-07-24T02:26:24.6092953Z,Buy,19.89,2152
2025-07-24T02:26:24.6092953Z,Buy,19.90,1852
2025-07-24T02:26:24.6092953Z,Buy,19.91,864
2025-07-24T02:26:24.6292953Z,Sell,19.88,160
2025-07-24T02:26:24.6392953Z,Buy,19.90,1982
2025-07-24T02:26:24.6592953Z,Buy,19.90,668
2025-07-24T02:26:24.6792953Z,Sell,19.88,131
2025-07-24T02:26:24.6792953Z,Sell,19.88,1633
2025-07-24T02:26:24.6992953Z,Buy,19.90,2500
2025-07-24T02:26:24.6992953Z,Buy,19.90,2973
2025-07-24T02:26:24.6992953Z,Buy,19.91,2152
2025-07-24T02:26:24.6992953Z,Buy,19.92,325
2025-07-24T02:26:24.7092953Z,Buy,19.91,210
2025-07-24T02:26:24.7192953Z,Buy,19.91,346
2025-07-24T02:26:24.7592953Z,Sell,19.89,491
2025-07-24T02:26:24.7692953Z,Buy,19.90,1619
2025-07-24T02:26:24.7692953Z,Buy,19.91,2500
2025-07-24T02:26:24.7692953Z,Buy,19.91,248
2025-07-24T02:26:24.7692953Z,Buy,19.92,2152
2025-07-24T02:26:24.7692953Z,Buy,19.93,1852
2025-07-24T02:26:24.7692953Z,Buy,19.93,238
2025-07-24T02:26:24.7792953Z,Buy,19.92,2500
2025-07-24T02:26:24.7792953Z,Buy,19.93,967
2025-07-24T02:26:24.7792953Z,Buy,19.93,159
2025-07-24T02:26:24.7892953Z,Buy,19.93,157
2025-07-24T02:26:24.7992953Z,Sell,19.91,2500
2025-07-24T02:26:24.7992953Z,Sell,19.90,813
2025-07-24T02:26:24.8092953Z,Sell,19.90,2053
2025-07-24T02:26:24.8292953Z,Buy,19.92,500
2025-07-24T02:26:24.8992953Z,Sell,19.90,688
2025-07-24T02:26:24.9092953Z,Buy,19.91,2014
2025-07-24T02:26:24.9292953Z,Buy,19.91,501
2025-07-24T02:26:24.9292953Z,Buy,19.91,291
2025-07-24T02:26:24.9392953Z,Sell,19.90,1940
2025-07-24T02:26:24.9592953Z,Buy,19.91,961
2025-07-24T02:26:24.9592953Z,Buy,19.91,3065
2025-07-24T02:26:24.9692953Z,Sell,19.90,450
2025-07-24T02:26:24.9892953Z,Sell,19.90,5571
2025-07-24T02:26:24.9992953Z,Buy,19.91,2241
2025-07-24T02:26:24.9992953Z,Buy,19.92,688
2025-07-24T02:26:25.0192953Z,Buy,19.92,2500
2025-07-24T02:26:25.0192953Z,Buy,19.92,1238
2025-07-24T02:26:25.0192953Z,Buy,19.93,224
2025-07-24T02:26:25.0392953Z,Buy,19.92,217
2025-07-24T02:26:25.0792953Z,Buy,19.92,754
2025-07-24T02:26:25.0992953Z,Sell,19.90,317
2025-07-24T02:26:25.1092953Z,Sell,19.90,952
2025-07-24T02:26:25.1192953Z,Sell,19.90,152
2025-07-24T02:26:25.1292953Z,Buy,19.92,153
2025-07-24T02:26:25.1292953Z,Buy,19.92,178
2025-07-24T02:26:25.1392953Z,Sell,19.90,409
2025-07-24T02:26:25.1992953Z,Sell,19.90,1709
2025-07-24T02:26:25.2092953Z,Sell,19.90,1415
2025-07-24T02:26:25.2092953Z,Sell,19.90,285
2025-07-24T02:26:25.2092953Z,Sell,19.90,1493
2025-07-24T02:26:25.2392953Z,Sell,19.90,58
2025-07-24T02:26:25.2392953Z,Sell,19.90,247
2025-07-24T02:26:25.2392953Z,Sell,19.90,857
2025-07-24T02:26:25.2792953Z,Sell,19.90,338
2025-07-24T02:26:25.2792953Z,Sell,19.90,641
2025-07-24T02:26:25.3092953Z,Sell,19.90,187
2025-07-24T02:26:25.3092953Z,Sell,19.90,2449
2025-07-24T02:26:25.3192953Z,Buy,19.91,934
2025-07-24T02:26:25.3292953Z,Buy,19.91,1316
2025-07-24T02:26:25.3292953Z,Buy,19.91,662
2025-07-24T02:26:25.3392953Z,Buy,19.91,582
2025-07-24T02:26:25.3492953Z,Buy,19.91,662
2025-07-24T02:26:25.3492953Z,Buy,19.91,475
2025-07-24T02:26:25.3692953Z,Buy,19.91,487
2025-07-24T02:26:25.3892953Z,Sell,19.89,832
2025-07-24T02:26:25.3892953Z,Sell,19.89,2239
2025-07-24T02:26:25.3992953Z,Buy,19.91,1617
2025-07-24T02:26:25.4192953Z,Buy,19.91,1635
2025-07-24T02:26:25.4292953Z,Buy,19.91,242
2025-07-24T02:26:25.4392953Z,Buy,19.91,865
2025-07-24T02:26:25.4392953Z,Buy,19.91,1635
2025-07-24T02:26:25.4392953Z,Buy,19.91,257
2025-07-24T02:26:25.4492953Z,Sell,19.89,171
2025-07-24T02:26:25.4492953Z,Sell,19.89,2147
2025-07-24T02:26:25.4592953Z,Buy,19.91,441
2025-07-24T02:26:25.4792953Z,Buy,19.91,518
2025-07-24T02:26:25.4892953Z,Buy,19.91,180
2025-07-24T02:26:25.5192953Z,Buy,19.91,359
2025-07-24T02:26:25.5392953Z,Buy,19.91,346
2025-07-24T02:26:25.5692953Z,Buy,19.91,432
2025-07-24T02:26:25.5692953Z,Buy,19.92,544
2025-07-24T02:26:25.5892953Z,Buy,19.92,725
2025-07-24T02:26:25.5992953Z,Buy,19.92,2418
2025-07-24T02:26:25.6192953Z,Buy,19.91,950
2025-07-24T02:26:25.6192953Z,Buy,19.92,537
2025-07-24T02:26:25.6292953Z,Buy,19.92,214
2025-07-24T02:26:25.6492953Z,Buy,19.91,401
2025-07-24T02:26:25.6592953Z,Buy,19.91,1369
2025-07-24T02:26:25.6592953Z,Buy,19.92,194
2025-07-24T02:26:25.6692953Z,Buy,19.92,2500
2025-07-24T02:26:25.6692953Z,Buy,19.92,489
2025-07-24T02:26:25.6692953Z,Buy,19.92,341
2025-07-24T02:26:25.6692953Z,Buy,19.93,2152
2025-07-24T02:26:25.6692953Z,Buy,19.93,984
2025-07-24T02:26:25.6692953Z,Buy,19.93,945
2025-07-24T02:26:25.6692953Z,Buy,19.93,221
2025-07-24T02:26:25.6692953Z,Buy,19.94,1852
2025-07-24T02:26:25.6692953Z,Buy,19.95,1594
2025-07-24T02:26:25.6692953Z,Buy,19.96,1372
2025-07-24T02:26:25.6692953Z,Buy,19.97,1181
2025-07-24T02:26:25.6692953Z,Buy,19.98,1016
2025-07-24T02:26:25.6692953Z,Buy,19.99,875
2025-07-24T02:26:25.6692953Z,Buy,20.00,753
2025-07-24T02:26:25.6692953Z,Buy,20.01,648
2025-07-24T02:26:25.6892953Z,Buy,19.92,2500
2025-07-24T02:26:25.6892953Z,Buy,19.93,1503
2025-07-24T02:26:25.6992953Z,Sell,19.90,428
2025-07-24T02:26:25.7092953Z,Buy,19.92,2500
2025-07-24T02:26:25.7092953Z,Buy,19.93,2152
2025-07-24T02:26:25.7092953Z,Buy,19.94,1286
2025-07-24T02:26:25.7292953Z,Sell,19.92,625
2025-07-24T02:26:25.7592953Z,Buy,19.94,964
2025-07-24T02:26:25.7892953Z,Buy,19.94,1452
2025-07-24T02:26:25.7892953Z,Buy,19.94,2277
2025-07-24T02:26:25.8092953Z,Sell,19.93,921
2025-07-24T02:26:25.8292953Z,Buy,19.95,2500
2025-07-24T02:26:25.8292953Z,Buy,19.96,2152
2025-07-24T02:26:25.8292953Z,Buy,19.96,623
2025-07-24T02:26:25.8292953Z,Buy,19.97,1852
2025-07-24T02:26:25.8292953Z,Buy,19.98,1594
2025-07-24T02:26:25.8292953Z,Buy,19.99,1372
2025-07-24T02:26:25.8292953Z,Buy,20.00,1181
2025-07-24T02:26:25.8292953Z,Buy,20.01,1016
2025-07-24T02:26:25.8292953Z,Buy,20.02,875
2025-07-24T02:26:25.8292953Z,Buy,20.03,753
2025-07-24T02:26:25.8292953Z,Buy,20.04,648
2025-07-24T02:26:25.8392953Z,Buy,19.94,313
2025-07-24T02:26:25.8792953Z,Buy,19.95,2500
2025-07-24T02:26:25.8792953Z,Buy,19.96,2152
2025-07-24T02:26:25.8792953Z,Buy,19.97,500
2025-07-24T02:26:25.8892953Z,Buy,19.96,965
2025-07-24T02:26:25.8992953Z,Buy,19.96,1535
2025-07-24T02:26:25.8992953Z,Buy,19.96,184
2025-07-24T02:26:25.9092953Z,Buy,19.96,781
2025-07-24T02:26:25.9092953Z,Buy,19.96,343
2025-07-24T02:26:25.9292953Z,Sell,19.94,582
2025-07-24T02:26:25.9292953Z,Sell,19.94,2500
2025-07-24T02:26:25.9292953Z,Sell,19.93,1160
2025-07-24T02:26:25.9292953Z,Sell,19.93,108
2025-07-24T02:26:25.9392953Z,Buy,19.95,2500
2025-07-24T02:26:25.9392953Z,Buy,19.96,2152
2025-07-24T02:26:25.9392953Z,Buy,19.97,1852
2025-07-24T02:26:25.9392953Z,Buy,19.98,1594
2025-07-24T02:26:25.9392953Z,Buy,19.99,707
2025-07-24T02:26:25.9892953Z,Buy,19.97,1058
2025-07-24T02:26:25.9892953Z,Buy,19.97,1073
2025-07-24T02:26:25.9992953Z,Sell,19.95,110
2025-07-24T02:26:26.0092953Z,Buy,19.97,95
2025-07-24T02:26:26.0092953Z,Buy,19.97,2500
2025-07-24T02:26:26.0092953Z,Buy,19.98,753
2025-07-24T02:26:26.0492953Z,Sell,19.96,1682
2025-07-24T02:26:26.0592953Z,Buy,19.98,1442
2025-07-24T02:26:26.0792953Z,Sell,19.96,5226
2025-07-24T02:26:26.0892953Z,Sell,19.96,3905
2025-07-24T02:26:26.0892953Z,Sell,19.96,1011
2025-07-24T02:26:26.1092953Z,Buy,19.98,2136
2025-07-24T02:26:26.1292953Z,Buy,19.98,1674
2025-07-24T02:26:26.1392953Z,Buy,19.98,681
2025-07-24T02:26:26.1892953Z,Buy,19.98,754
2025-07-24T02:26:26.1992953Z,Buy,19.98,457
2025-07-24T02:26:26.2092953Z,Buy,19.98,1684
2025-07-24T02:26:26.2492953Z,Sell,19.96,515
2025-07-24T02:26:26.2492953Z,Sell,19.96,214
2025-07-24T02:26:26.2692953Z,Buy,19.98,2500
2025-07-24T02:26:26.2692953Z,Buy,19.98,524
2025-07-24T02:26:26.2692953Z,Buy,19.98,83
2025-07-24T02:26:26.2792953Z,Sell,19.96,670
2025-07-24T02:26:26.2792953Z,Sell,19.96,141
2025-07-24T02:26:26.2792953Z,Sell,19.96,577
2025-07-24T02:26:26.2792953Z,Sell,19.96,132
2025-07-24T02:26:26.2892953Z,Sell,19.96,2368
2025-07-24T02:26:26.2892953Z,Sell,19.96,132
2025-07-24T02:26:26.2892953Z,Sell,19.95,792
2025-07-24T02:26:26.2892953Z,Sell,19.95,1851
2025-07-24T02:26:26.2992953Z,Sell,19.96,270
2025-07-24T02:26:26.3092953Z,Buy,19.98,2500
2025-07-24T02:26:26.3092953Z,Buy,19.98,11835
2025-07-24T02:26:26.3092953Z,Buy,19.99,1474
2025-07-24T02:26:26.3292953Z,Buy,19.98,505
2025-07-24T02:26:26.3692953Z,Sell,19.96,760
2025-07-24T02:26:26.3792953Z,Buy,19.98,1261
2025-07-24T02:26:26.4092953Z,Buy,19.99,381
2025-07-24T02:26:26.4192953Z,Buy,19.99,526
2025-07-24T02:26:26.4392953Z,Buy,19.98,682
2025-07-24T02:26:26.4492953Z,Buy,19.98,454
2025-07-24T02:26:26.4592953Z,Buy,19.98,1263
2025-07-24T02:26:26.4692953Z,Sell,19.97,777
2025-07-24T02:26:26.4792953Z,Buy,19.98,876
2025-07-24T02:26:26.4892953Z,Buy,19.98,12465
2025-07-24T02:26:26.5092953Z,Buy,19.98,674
2025-07-24T02:26:26.5592953Z,Sell,19.97,741
2025-07-24T02:26:26.5692953Z,Buy,19.98,258
2025-07-24T02:26:26.5792953Z,Sell,19.97,1189
2025-07-24T02:26:26.5792953Z,Sell,19.97,1518
2025-07-24T02:26:26.5892953Z,Buy,19.98,391
2025-07-24T02:26:26.5992953Z,Buy,19.98,235
2025-07-24T02:26:26.5992953Z,Buy,19.98,1354
2025-07-24T02:26:26.5992953Z,Buy,19.99,108
2025-07-24T02:26:26.6092953Z,Buy,19.99,413
2025-07-24T02:26:26.6192953Z,Buy,19.99,2500
2025-07-24T02:26:26.6192953Z,Buy,20.00,2152
2025-07-24T02:26:26.6192953Z,Buy,20.00,1359
2025-07-24T02:26:26.6192953Z,Buy,20.01,1485
2025-07-24T02:26:26.6492953Z,Buy,20.00,840
2025-07-24T02:26:26.6592953Z,Sell,19.98,240
2025-07-24T02:26:26.6892953Z,Buy,20.01,673
2025-07-24T02:26:26.7092953Z,Buy,20.01,2299
2025-07-24T02:26:26.7292953Z,Buy,20.01,2826
2025-07-24T02:26:26.7292953Z,Buy,20.01,331
2025-07-24T02:26:26.7392953Z,Buy,20.02,2500
2025-07-24T02:26:26.7392953Z,Buy,20.03,559
2025-07-24T02:26:26.7492953Z,Buy,20.02,1028
2025-07-24T02:26:26.7592953Z,Buy,20.02,1387
2025-07-24T02:26:26.7792953Z,Buy,20.02,169
2025-07-24T02:26:26.7992953Z,Buy,20.03,2500
2025-07-24T02:26:26.7992953Z,Buy,20.04,2152
2025-07-24T02:26:26.7992953Z,Buy,20.05,153
2025-07-24T02:26:26.8192953Z,Buy,20.04,2500
2025-07-24T02:26:26.8192953Z,Buy,20.05,2152
2025-07-24T02:26:26.8192953Z,Buy,20.06,1852
2025-07-24T02:26:26.8192953Z,Buy,20.07,1594
2025-07-24T02:26:26.8192953Z,Buy,20.08,1297
2025-07-24T02:26:26.8292953Z,Buy,20.06,2500
2025-07-24T02:26:26.8292953Z,Buy,20.07,2152
2025-07-24T02:26:26.8292953Z,Buy,20.08,1852
2025-07-24T02:26:26.8292953Z,Buy,20.09,1050
2025-07-24T02:26:26.8492953Z,Buy,20.08,1004
2025-07-24T02:26:26.8592953Z,Sell,20.06,1444
2025-07-24T02:26:26.8792953Z,Buy,20.07,496
2025-07-24T02:26:26.8792953Z,Buy,20.08,1316
2025-07-24T02:26:26.8892953Z,Buy,20.08,1836
2025-07-24T02:26:26.9392953Z,Sell,20.06,1407
2025-07-24T02:26:26.9492953Z,Sell,20.06,1443
2025-07-24T02:26:26.9492953Z,Sell,20.06,846
2025-07-24T02:26:26.9492953Z,Sell,20.06,794
2025-07-24T02:26:26.9492953Z,Sell,20.06,2500
2025-07-24T02:26:26.9492953Z,Sell,20.05,656
2025-07-24T02:26:26.9492953Z,Sell,20.05,2152
2025-07-24T02:26:26.9492953Z,Sell,20.04,1989
2025-07-24T02:26:26.9492953Z,Sell,20.04,1852
2025-07-24T02:26:26.9492953Z,Sell,20.02,328
2025-07-24T02:26:26.9492953Z,Sell,20.02,682
2025-07-24T02:26:26.9692953Z,Buy,20.06,60
2025-07-24T02:26:26.9792953Z,Buy,20.06,1824
2025-07-24T02:26:26.9892953Z,Buy,20.06,60
2025-07-24T02:26:26.9892953Z,Buy,20.06,616
2025-07-24T02:26:26.9892953Z,Buy,20.06,1824
2025-07-24T02:26:26.9892953Z,Buy,20.07,2152
2025-07-24T02:26:26.9892953Z,Buy,20.07,355
2025-07-24T02:26:26.9892953Z,Buy,20.08,1093
2025-07-24T02:26:27.0492953Z,Sell,20.05,390
2025-07-24T02:26:27.0692953Z,Buy,20.06,546
2025-07-24T02:26:27.1392953Z,Buy,20.06,1403
2025-07-24T02:26:27.1392953Z,Buy,20.06,371
2025-07-24T02:26:27.1892953Z,Buy,20.06,963
2025-07-24T02:26:27.1992953Z,Sell,20.05,1005
2025-07-24T02:26:27.2092953Z,Sell,20.05,147
2025-07-24T02:26:27.2192953Z,Buy,20.06,115
2025-07-24T02:26:27.2192953Z,Buy,20.07,289
2025-07-24T02:26:27.2392953Z,Sell,20.05,1966
2025-07-24T02:26:27.2592953Z,Buy,20.07,235
2025-07-24T02:26:27.2692953Z,Buy,20.07,472
2025-07-24T02:26:27.2792953Z,Buy,20.07,2500
2025-07-24T02:26:27.2792953Z,Buy,20.07,77
2025-07-24T02:26:27.2792953Z,Buy,20.07,941
2025-07-24T02:26:27.2892953Z,Sell,20.05,51
2025-07-24T02:26:27.2892953Z,Sell,20.05,146
2025-07-24T02:26:27.2892953Z,Sell,20.05,266
2025-07-24T02:26:27.2892953Z,Sell,20.05,319
2025-07-24T02:26:27.2892953Z,Sell,20.05,600
2025-07-24T02:26:27.3092953Z,Sell,20.06,128
2025-07-24T02:26:27.3192953Z,Buy,20.07,486
2025-07-24T02:26:27.3192953Z,Buy,20.08,2500
2025-07-24T02:26:27.3192953Z,Buy,20.08,704
2025-07-24T02:26:27.3192953Z,Buy,20.08,152
2025-07-24T02:26:27.3192953Z,Buy,20.09,793
2025-07-24T02:26:27.3492953Z,Sell,20.07,374
2025-07-24T02:26:27.3492953Z,Sell,20.07,1366
2025-07-24T02:26:27.3692953Z,Sell,20.07,781
2025-07-24T02:26:27.3892953Z,Sell,20.07,1505
2025-07-24T02:26:27.3892953Z,Sell,20.07,2500
2025-07-24T02:26:27.3892953Z,Sell,20.06,855
2025-07-24T02:26:27.3892953Z,Sell,20.06,2152
2025-07-24T02:26:27.3892953Z,Sell,20.05,214
2025-07-24T02:26:27.3892953Z,Sell,20.05,112
2025-07-24T02:26:27.4192953Z,Sell,20.05,2077
2025-07-24T02:26:27.4292953Z,Sell,20.05,2500
2025-07-24T02:26:27.4292953Z,Sell,20.04,315
2025-07-24T02:26:27.4492953Z,Sell,20.05,2500
2025-07-24T02:26:27.4492953Z,Sell,20.04,159
2025-07-24T02:26:27.4692953Z,Sell,20.05,286
2025-07-24T02:26:27.4692953Z,Sell,20.05,2500
2025-07-24T02:26:27.4692953Z,Sell,20.04,867
2025-07-24T02:26:27.4692953Z,Sell,20.04,375
2025-07-24T02:26:27.4692953Z,Sell,20.04,2152
2025-07-24T02:26:27.4692953Z,Sell,20.03,44
2025-07-24T02:26:27.4692953Z,Sell,20.03,839
2025-07-24T02:26:27.4692953Z,Sell,20.03,617
2025-07-24T02:26:27.4692953Z,Sell,20.03,1852
2025-07-24T02:26:27.4692953Z,Sell,20.02,225
2025-07-24T02:26:27.4692953Z,Sell,20.02,1594
2025-07-24T02:26:27.4692953Z,Sell,20.01,132
2025-07-24T02:26:27.4692953Z,Sell,20.01,1372
2025-07-24T02:26:27.4692953Z,Sell,20.00,826
2025-07-24T02:26:27.4992953Z,Buy,20.04,347
2025-07-24T02:26:27.5192953Z,Sell,20.02,1210
2025-07-24T02:26:27.5392953Z,Sell,20.02,1766
2025-07-24T02:26:27.5492953Z,Buy,20.04,1059
2025-07-24T02:26:27.6192953Z,Buy,20.03,1020
2025-07-24T02:26:27.6192953Z,Buy,20.04,2500
2025-07-24T02:26:27.6192953Z,Buy,20.04,2063
2025-07-24T02:26:27.6192953Z,Buy,20.04,878
2025-07-24T02:26:27.6492953Z,Buy,20.04,1961
2025-07-24T02:26:27.6792953Z,Sell,20.02,1120
2025-07-24T02:26:27.6892953Z,Buy,20.03,811
2025-07-24T02:26:27.6892953Z,Buy,20.04,559
2025-07-24T02:26:27.7092953Z,Sell,20.03,350
2025-07-24T02:26:27.7292953Z,Buy,20.04,825
2025-07-24T02:26:27.7592953Z,Buy,20.04,237
2025-07-24T02:26:27.7692953Z,Sell,20.03,374
2025-07-24T02:26:27.7892953Z,Sell,20.03,418
2025-07-24T02:26:27.8292953Z,Buy,20.04,775
2025-07-24T02:26:27.8292953Z,Buy,20.04,48
2025-07-24T02:26:27.8292953Z,Buy,20.04,145
2025-07-24T02:26:27.8292953Z,Buy,20.04,204
2025-07-24T02:26:27.8792953Z,Buy,20.04,891
2025-07-24T02:26:27.8792953Z,Buy,20.04,1689
2025-07-24T02:26:27.8992953Z,Sell,20.03,430
2025-07-24T02:26:27.8992953Z,Sell,20.03,1757
2025-07-24T02:26:27.8992953Z,Sell,20.03,526
2025-07-24T02:26:27.8992953Z,Sell,20.03,1083
2025-07-24T02:26:27.8992953Z,Sell,20.03,413
2025-07-24T02:26:27.8992953Z,Sell,20.03,800
2025-07-24T02:26:27.9092953Z,Buy,20.04,477
2025-07-24T02:26:27.9192953Z,Sell,20.02,1713
2025-07-24T02:26:27.9292953Z,Sell,20.02,2500
2025-07-24T02:26:27.9292953Z,Sell,20.02,181
2025-07-24T02:26:27.9292953Z,Sell,20.02,77
2025-07-24T02:26:27.9292953Z,Sell,20.01,576
2025-07-24T02:26:27.9692953Z,Buy,20.03,202
2025-07-24T02:26:27.9692953Z,Buy,20.03,818
2025-07-24T02:26:27.9892953Z,Buy,20.03,468
2025-07-24T02:26:27.9892953Z,Buy,20.03,2500
2025-07-24T02:26:27.9892953Z,Buy,20.04,557
2025-07-24T02:26:27.9992953Z,Buy,20.04,1073
2025-07-24T02:26:28.0392953Z,Buy,20.02,518
2025-07-24T02:26:28.0492953Z,Buy,20.02,713
2025-07-24T02:26:28.0492953Z,Buy,20.03,1126
2025-07-24T02:26:28.0592953Z,Sell,20.01,81
2025-07-24T02:26:28.0592953Z,Sell,20.01,173
2025-07-24T02:26:28.0992953Z,Sell,20.01,375
2025-07-24T02:26:28.0992953Z,Sell,20.01,507
2025-07-24T02:26:28.1192953Z,Sell,20.01,1443
2025-07-24T02:26:28.2092953Z,Buy,20.03,302
2025-07-24T02:26:28.2092953Z,Buy,20.03,617
2025-07-24T02:26:28.2092953Z,Buy,20.03,242
2025-07-24T02:26:28.2692953Z,Buy,20.02,2045
2025-07-24T02:26:28.2692953Z,Buy,20.03,2231
2025-07-24T02:26:28.2892953Z,Buy,20.02,458
2025-07-24T02:26:28.2892953Z,Buy,20.03,1620
2025-07-24T02:26:28.3192953Z,Sell,20.01,764
2025-07-24T02:26:28.3292953Z,Buy,20.02,402
2025-07-24T02:26:28.3292953Z,Buy,20.02,1464
2025-07-24T02:26:28.3592953Z,Sell,20.01,352
2025-07-24T02:26:28.3692953Z,Buy,20.02,2988
2025-07-24T02:26:28.3692953Z,Buy,20.02,2783
2025-07-24T02:26:28.3792953Z,Sell,20.01,695
2025-07-24T02:26:28.3892953Z,Sell,20.01,420
2025-07-24T02:26:28.4692953Z,Sell,20.01,181
2025-07-24T02:26:28.4692953Z,Sell,20.01,368
2025-07-24T02:26:28.4792953Z,Sell,20.01,891
2025-07-24T02:26:28.4992953Z,Buy,20.02,120
2025-07-24T02:26:28.4992953Z,Buy,20.02,1531
2025-07-24T02:26:28.4992953Z,Buy,20.02,161
2025-07-24T02:26:28.4992953Z,Buy,20.03,2500
2025-07-24T02:26:28.4992953Z,Buy,20.03,808
2025-07-24T02:26:28.4992953Z,Buy,20.03,2063
2025-07-24T02:26:28.4992953Z,Buy,20.03,507
2025-07-24T02:26:28.4992953Z,Buy,20.03,347
2025-07-24T02:26:28.4992953Z,Buy,20.03,4767
2025-07-24T02:26:28.4992953Z,Buy,20.03,848
2025-07-24T02:26:28.4992953Z,Buy,20.04,2152
2025-07-24T02:26:28.4992953Z,Buy,20.04,1227
2025-07-24T02:26:28.4992953Z,Buy,20.04,515
2025-07-24T02:26:28.4992953Z,Buy,20.04,2401
2025-07-24T02:26:28.4992953Z,Buy,20.04,2194
2025-07-24T02:26:28.4992953Z,Buy,20.04,195
2025-07-24T02:26:28.4992953Z,Buy,20.04,1030
2025-07-24T02:26:28.4992953Z,Buy,20.04,694
2025-07-24T02:26:28.4992953Z,Buy,20.05,1852
2025-07-24T02:26:28.4992953Z,Buy,20.05,2320
2025-07-24T02:26:28.4992953Z,Buy,20.05,621
2025-07-24T02:26:28.4992953Z,Buy,20.05,1170
2025-07-24T02:26:28.4992953Z,Buy,20.05,4275
2025-07-24T02:26:28.4992953Z,Buy,20.05,1140
2025-07-24T02:26:28.4992953Z,Buy,20.05,2919
2025-07-24T02:26:28.5092953Z,Buy,20.04,185
2025-07-24T02:26:28.5292953Z,Buy,20.03,196
2025-07-24T02:26:28.5392953Z,Sell,20.01,574
2025-07-24T02:26:28.5892953Z,Sell,20.01,2500
2025-07-24T02:26:28.5892953Z,Sell,20.01,1402
2025-07-24T02:26:28.5892953Z,Sell,20.01,1072
2025-07-24T02:26:28.5892953Z,Sell,20.01,1751
2025-07-24T02:26:28.5992953Z,Buy,20.03,213
2025-07-24T02:26:28.5992953Z,Buy,20.03,132
2025-07-24T02:26:28.6192953Z,Buy,20.03,96
2025-07-24T02:26:28.6192953Z,Buy,20.03,1765
2025-07-24T02:26:28.6292953Z,Sell,20.01,522
2025-07-24T02:26:28.6392953Z,Buy,20.03,824
2025-07-24T02:26:28.6592953Z,Sell,20.01,286
2025-07-24T02:26:28.6592953Z,Sell,20.01,288
2025-07-24T02:26:28.6692953Z,Buy,20.03,628
2025-07-24T02:26:28.6892953Z,Sell,20.01,2500
2025-07-24T02:26:28.6892953Z,Sell,20.01,2216
2025-07-24T02:26:28.6892953Z,Sell,20.01,6687
2025-07-24T02:26:28.6892953Z,Sell,20.01,6022
2025-07-24T02:26:28.6992953Z,Buy,20.03,1765
2025-07-24T02:26:28.6992953Z,Buy,20.03,695
2025-07-24T02:26:28.7392953Z,Buy,20.03,970
2025-07-24T02:26:28.7492953Z,Buy,20.03,146
2025-07-24T02:26:28.7792953Z,Buy,20.03,780
2025-07-24T02:26:28.7792953Z,Buy,20.04,132
2025-07-24T02:26:28.7892953Z,Sell,20.02,486
2025-07-24T02:26:28.7892953Z,Sell,20.02,1737
2025-07-24T02:26:28.7992953Z,Buy,20.04,279
2025-07-24T02:26:28.8192953Z,Buy,20.04,2221
2025-07-24T02:26:28.8192953Z,Buy,20.04,279
2025-07-24T02:26:28.8192953Z,Buy,20.04,310
2025-07-24T02:26:28.8192953Z,Buy,20.05,2152
2025-07-24T02:26:28.8192953Z,Buy,20.05,266
2025-07-24T02:26:28.8192953Z,Buy,20.06,1852
2025-07-24T02:26:28.8192953Z,Buy,20.06,1399
2025-07-24T02:26:28.8192953Z,Buy,20.07,1594
2025-07-24T02:26:28.8192953Z,Buy,20.07,580
2025-07-24T02:26:28.8192953Z,Buy,20.07,479
2025-07-24T02:26:28.8192953Z,Buy,20.08,419
2025-07-24T02:26:28.8392953Z,Buy,20.06,777
2025-07-24T02:26:28.8792953Z,Buy,20.06,428
2025-07-24T02:26:28.8892953Z,Buy,20.06,86
2025-07-24T02:26:28.9092953Z,Sell,20.04,357
2025-07-24T02:26:28.9092953Z,Sell,20.04,1043
2025-07-24T02:26:28.9292953Z,Sell,20.03,2500
2025-07-24T02:26:28.9292953Z,Sell,20.03,659
2025-07-24T02:26:28.9392953Z,Buy,20.05,683
2025-07-24T02:26:28.9492953Z,Sell,20.03,139
2025-07-24T02:26:28.9492953Z,Sell,20.03,1064
2025-07-24T02:26:28.9692953Z,Sell,20.03,861
2025-07-24T02:26:28.9792953Z,Sell,20.03,136
2025-07-24T02:26:29.0292953Z,Buy,20.05,574
2025-07-24T02:26:29.0392953Z,Buy,20.05,85
2025-07-24T02:26:29.0392953Z,Buy,20.06,102
2025-07-24T02:26:29.0492953Z,Buy,20.06,2500
2025-07-24T02:26:29.0492953Z,Buy,20.06,1074
2025-07-24T02:26:29.0492953Z,Buy,20.07,2152
2025-07-24T02:26:29.0492953Z,Buy,20.07,527
2025-07-24T02:26:29.0492953Z,Buy,20.08,1852
2025-07-24T02:26:29.0492953Z,Buy,20.09,108
2025-07-24T02:26:29.0592953Z,Sell,20.05,305
2025-07-24T02:26:29.0792953Z,Sell,20.05,2195
2025-07-24T02:26:29.0792953Z,Sell,20.05,305
2025-07-24T02:26:29.0792953Z,Sell,20.04,402
2025-07-24T02:26:29.0892953Z,Sell,20.05,2500
2025-07-24T02:26:29.0892953Z,Sell,20.04,485
2025-07-24T02:26:29.0892953Z,Sell,20.04,806
2025-07-24T02:26:29.0892953Z,Sell,20.04,2152
2025-07-24T02:26:29.0892953Z,Sell,20.03,1971
2025-07-24T02:26:29.1192953Z,Sell,20.04,574
2025-07-24T02:26:29.1392953Z,Buy,20.06,2500
2025-07-24T02:26:29.1392953Z,Buy,20.06,1238
2025-07-24T02:26:29.1392953Z,Buy,20.07,1367
2025-07-24T02:26:29.1492953Z,Buy,20.06,2500
2025-07-24T02:26:29.1492953Z,Buy,20.07,1509
2025-07-24T02:26:29.1492953Z,Buy,20.07,2152
2025-07-24T02:26:29.1492953Z,Buy,20.08,1852
2025-07-24T02:26:29.1492953Z,Buy,20.09,661
2025-07-24T02:26:29.1692953Z,Sell,20.06,2500
2025-07-24T02:26:29.1692953Z,Sell,20.05,442
2025-07-24T02:26:29.1892953Z,Sell,20.05,842
2025-07-24T02:26:29.2092953Z,Buy,20.07,754
2025-07-24T02:26:29.2192953Z,Sell,20.05,332
2025-07-24T02:26:29.2492953Z,Sell,20.06,2085
2025-07-24T02:26:29.2492953Z,Sell,20.06,2500
2025-07-24T02:26:29.2492953Z,Sell,20.05,4784
2025-07-24T02:26:29.2592953Z,Buy,20.07,1073
2025-07-24T02:26:29.2692953Z,Buy,20.07,537
2025-07-24T02:26:29.2792953Z,Buy,20.07,593
2025-07-24T02:26:29.2892953Z,Sell,20.05,508
2025-07-24T02:26:29.2892953Z,Sell,20.05,2465
2025-07-24T02:26:29.2992953Z,Sell,20.05,2500
2025-07-24T02:26:29.2992953Z,Sell,20.05,1946
2025-07-24T02:26:29.2992953Z,Sell,20.04,1933
2025-07-24T02:26:29.3092953Z,Buy,20.07,442
2025-07-24T02:26:29.3192953Z,Buy,20.07,1268
2025-07-24T02:26:29.3692953Z,Buy,20.07,505
2025-07-24T02:26:29.3892953Z,Sell,20.06,1249
2025-07-24T02:26:29.4192953Z,Sell,20.06,1117
2025-07-24T02:26:29.4192953Z,Sell,20.06,360
2025-07-24T02:26:29.4892953Z,Sell,20.06,636
2025-07-24T02:26:29.5292953Z,Sell,20.06,312
2025-07-24T02:26:29.5392953Z,Buy,20.07,208
2025-07-24T02:26:29.5392953Z,Buy,20.07,927
2025-07-24T02:26:29.5392953Z,Buy,20.07,2107
2025-07-24T02:26:29.5392953Z,Buy,20.07,1231
2025-07-24T02:26:29.5392953Z,Buy,20.08,2089
2025-07-24T02:26:29.5492953Z,Buy,20.08,919
2025-07-24T02:26:29.5592953Z,Sell,20.06,263
2025-07-24T02:26:29.5692953Z,Buy,20.08,1060
2025-07-24T02:26:29.5892953Z,Sell,20.06,1018
2025-07-24T02:26:29.5992953Z,Sell,20.06,290
2025-07-24T02:26:29.6092953Z,Sell,20.06,98
2025-07-24T02:26:29.6392953Z,Buy,20.08,427
2025-07-24T02:26:29.6692953Z,Sell,20.07,204
2025-07-24T02:26:29.6792953Z,Buy,20.08,611
2025-07-24T02:26:29.6892953Z,Buy,20.08,648
2025-07-24T02:26:29.6892953Z,Buy,20.08,158
2025-07-24T02:26:29.6892953Z,Buy,20.08,274
2025-07-24T02:26:29.6992953Z,Buy,20.08,844
2025-07-24T02:26:29.6992953Z,Buy,20.08,90
2025-07-24T02:26:29.6992953Z,Buy,20.08,165
2025-07-24T02:26:29.6992953Z,Buy,20.09,766
2025-07-24T02:26:29.7092953Z,Sell,20.07,717
2025-07-24T02:26:29.7092953Z,Sell,20.07,166
2025-07-24T02:26:29.7092953Z,Sell,20.07,2500
2025-07-24T02:26:29.7092953Z,Sell,20.06,1208
2025-07-24T02:26:29.7092953Z,Sell,20.06,146
2025-07-24T02:26:29.7092953Z,Sell,20.06,2152
2025-07-24T02:26:29.7092953Z,Sell,20.05,2896
2025-07-24T02:26:29.7092953Z,Sell,20.05,1001
2025-07-24T02:26:29.7092953Z,Sell,20.05,1852
2025-07-24T02:26:29.7092953Z,Sell,20.04,1175
2025-07-24T02:26:29.7092953Z,Sell,20.04,3065
2025-07-24T02:26:29.7092953Z,Sell,20.04,1594
2025-07-24T02:26:29.7092953Z,Sell,20.03,1446
2025-07-24T02:26:29.7092953Z,Sell,20.03,1372
2025-07-24T02:26:29.7092953Z,Sell,20.02,354
2025-07-24T02:26:29.7092953Z,Sell,20.02,970
2025-07-24T02:26:29.7092953Z,Sell,20.02,2331
2025-07-24T02:26:29.7292953Z,Sell,20.05,1019
2025-07-24T02:26:29.7392953Z,Sell,20.05,392
2025-07-24T02:26:29.7492953Z,Sell,20.05,1890
2025-07-24T02:26:29.7992953Z,Buy,20.06,2149
2025-07-24T02:26:29.7992953Z,Buy,20.07,787
2025-07-24T02:26:29.8092953Z,Sell,20.05,4788
2025-07-24T02:26:29.8192953Z,Buy,20.07,2500
2025-07-24T02:26:29.8192953Z,Buy,20.07,365
2025-07-24T02:26:29.8292953Z,Sell,20.05,1329
2025-07-24T02:26:29.8492953Z,Buy,20.07,113
2025-07-24T02:26:29.8492953Z,Buy,20.07,2049
2025-07-24T02:26:29.8592953Z,Buy,20.07,317
2025-07-24T02:26:29.8692953Z,Sell,20.05,2500
2025-07-24T02:26:29.8692953Z,Sell,20.05,841
2025-07-24T02:26:29.8692953Z,Sell,20.04,1995
2025-07-24T02:26:29.8692953Z,Sell,20.04,327
2025-07-24T02:26:29.8892953Z,Buy,20.07,46
2025-07-24T02:26:29.9492953Z,Sell,20.06,798
2025-07-24T02:26:29.9592953Z,Sell,20.06,1637
2025-07-24T02:26:29.9592953Z,Sell,20.06,211
2025-07-24T02:26:29.9792953Z,Sell,20.05,440
2025-07-24T02:26:29.9792953Z,Sell,20.05,773
2025-07-24T02:26:29.9892953Z,Sell,20.05,160
2025-07-24T02:26:29.9992953Z,Sell,20.05,69
2025-07-24T02:26:29.9992953Z,Sell,20.05,2500
2025-07-24T02:26:29.9992953Z,Sell,20.04,2152
2025-07-24T02:26:29.9992953Z,Sell,20.03,1852
2025-07-24T02:26:29.9992953Z,Sell,20.02,198
2025-07-24T02:26:30.0292953Z,Sell,20.03,1829
2025-07-24T02:26:30.0592953Z,Sell,20.02,887
2025-07-24T02:26:30.0992953Z,Sell,20.02,817
2025-07-24T02:26:30.1092953Z,Sell,20.02,644
2025-07-24T02:26:30.1592953Z,Buy,20.04,546
2025-07-24T02:26:30.1592953Z,Buy,20.04,963
2025-07-24T02:26:30.1792953Z,Sell,20.02,2101
2025-07-24T02:26:30.1892953Z,Buy,20.04,676
2025-07-24T02:26:30.2092953Z,Buy,20.04,287
2025-07-24T02:26:30.2092953Z,Buy,20.04,2213
2025-07-24T02:26:30.2092953Z,Buy,20.05,1775
2025-07-24T02:26:30.2092953Z,Buy,20.05,1664
2025-07-24T02:26:30.2092953Z,Buy,20.05,758
2025-07-24T02:26:30.2292953Z,Sell,20.03,2500
2025-07-24T02:26:30.2292953Z,Sell,20.02,421
2025-07-24T02:26:30.2292953Z,Sell,20.02,384
2025-07-24T02:26:30.2292953Z,Sell,20.02,118
2025-07-24T02:26:30.2692953Z,Sell,20.02,528
2025-07-24T02:26:30.2692953Z,Sell,20.02,811
2025-07-24T02:26:30.2692953Z,Sell,20.02,607
2025-07-24T02:26:30.2892953Z,Buy,20.03,306
2025-07-24T02:26:30.2992953Z,Sell,20.02,198
2025-07-24T02:26:30.3092953Z,Buy,20.03,579
2025-07-24T02:26:30.3092953Z,Buy,20.03,73
2025-07-24T02:26:30.3292953Z,Sell,20.02,224
2025-07-24T02:26:30.3292953Z,Sell,20.02,251
2025-07-24T02:26:30.3492953Z,Buy,20.03,756
2025-07-24T02:26:30.3492953Z,Buy,20.04,2500
2025-07-24T02:26:30.3492953Z,Buy,20.04,155
2025-07-24T02:26:30.3492953Z,Buy,20.05,2152
2025-07-24T02:26:30.3492953Z,Buy,20.05,1613
2025-07-24T02:26:30.3592953Z,Buy,20.05,293
2025-07-24T02:26:30.3692953Z,Buy,20.05,1924
2025-07-24T02:26:30.4092953Z,Sell,20.03,508
2025-07-24T02:26:30.4192953Z,Sell,20.03,1526
2025-07-24T02:26:30.4392953Z,Sell,20.03,508
2025-07-24T02:26:30.4392953Z,Sell,20.03,124
2025-07-24T02:26:30.4492953Z,Sell,20.03,1526
2025-07-24T02:26:30.4492953Z,Sell,20.03,342
2025-07-24T02:26:30.4492953Z,Sell,20.03,538
2025-07-24T02:26:30.4592953Z,Buy,20.05,245
2025-07-24T02:26:30.4692953Z,Buy,20.05,283
2025-07-24T02:26:30.4692953Z,Buy,20.05,1924
2025-07-24T02:26:30.4692953Z,Buy,20.05,48
2025-07-24T02:26:30.4692953Z,Buy,20.05,245
2025-07-24T02:26:30.4692953Z,Buy,20.05,575
2025-07-24T02:26:30.4692953Z,Buy,20.06,1852
2025-07-24T02:26:30.4692953Z,Buy,20.06,300
2025-07-24T02:26:30.4692953Z,Buy,20.06,738
2025-07-24T02:26:30.4792953Z,Sell,20.03,2500
2025-07-24T02:26:30.4792953Z,Sell,20.02,2152
2025-07-24T02:26:30.4792953Z,Sell,20.02,377
2025-07-24T02:26:30.4792953Z,Sell,20.02,1618
2025-07-24T02:26:30.4792953Z,Sell,20.02,320
2025-07-24T02:26:30.4792953Z,Sell,20.01,432
2025-07-24T02:26:30.4892953Z,Sell,20.02,259
2025-07-24T02:26:30.4992953Z,Sell,20.02,656
2025-07-24T02:26:30.5092953Z,Sell,20.02,259
2025-07-24T02:26:30.5092953Z,Sell,20.02,159
2025-07-24T02:26:30.5292953Z,Buy,20.04,1813
2025-07-24T02:26:30.5292953Z,Buy,20.04,1219
2025-07-24T02:26:30.5392953Z,Buy,20.04,965
2025-07-24T02:26:30.5492953Z,Sell,20.02,1268
2025-07-24T02:26:30.5592953Z,Sell,20.02,1004
2025-07-24T02:26:30.5792953Z,Buy,20.04,1219
2025-07-24T02:26:30.5792953Z,Buy,20.04,118
2025-07-24T02:26:30.5992953Z,Sell,20.03,479
2025-07-24T02:26:30.5992953Z,Sell,20.03,2500
2025-07-24T02:26:30.5992953Z,Sell,20.02,556
2025-07-24T02:26:30.6092953Z,Buy,20.04,1371
2025-07-24T02:26:30.6492953Z,Sell,20.03,176
2025-07-24T02:26:30.6592953Z,Sell,20.03,1558
2025-07-24T02:26:30.6592953Z,Sell,20.03,2500
2025-07-24T02:26:30.6592953Z,Sell,20.02,341
2025-07-24T02:26:30.6592953Z,Sell,20.02,526
2025-07-24T02:26:30.6692953Z,Buy,20.04,2500
2025-07-24T02:26:30.6692953Z,Buy,20.04,660
2025-07-24T02:26:30.6692953Z,Buy,20.05,2152
2025-07-24T02:26:30.6692953Z,Buy,20.06,1852
2025-07-24T02:26:30.6692953Z,Buy,20.06,92
2025-07-24T02:26:30.7292953Z,Buy,20.04,770
2025-07-24T02:26:30.7292953Z,Buy,20.04,741
2025-07-24T02:26:30.7392953Z,Sell,20.03,248
2025-07-24T02:26:30.7392953Z,Sell,20.03,4001
2025-07-24T02:26:30.7592953Z,Sell,20.03,1477
2025-07-24T02:26:30.7692953Z,Buy,20.04,798
2025-07-24T02:26:30.7792953Z,Sell,20.03,1937
2025-07-24T02:26:30.7992953Z,Sell,20.03,280
2025-07-24T02:26:30.7992953Z,Sell,20.03,944
2025-07-24T02:26:30.8292953Z,Buy,20.04,463
2025-07-24T02:26:30.8392953Z,Sell,20.02,2500
2025-07-24T02:26:30.8392953Z,Sell,20.02,519
2025-07-24T02:26:30.8592953Z,Sell,20.02,1096
2025-07-24T02:26:30.8692953Z,Buy,20.03,1052
2025-07-24T02:26:30.8692953Z,Buy,20.04,1794
2025-07-24T02:26:30.8792953Z,Sell,20.02,636
2025-07-24T02:26:30.8892953Z,Buy,20.04,498
2025-07-24T02:26:30.8892953Z,Buy,20.04,548
2025-07-24T02:26:30.8892953Z,Buy,20.04,966
2025-07-24T02:26:30.9092953Z,Buy,20.04,1534
2025-07-24T02:26:30.9092953Z,Buy,20.04,670
2025-07-24T02:26:30.9392953Z,Sell,20.02,1214
2025-07-24T02:26:30.9592953Z,Sell,20.02,523
2025-07-24T02:26:30.9692953Z,Sell,20.02,423
2025-07-24T02:26:30.9692953Z,Sell,20.02,1455
2025-07-24T02:26:30.9792953Z,Sell,20.01,607
2025-07-24T02:26:31.0092953Z,Sell,20.02,356
2025-07-24T02:26:31.0192953Z,Buy,20.03,636
2025-07-24T02:26:31.0192953Z,Buy,20.03,2926
2025-07-24T02:26:31.0192953Z,Buy,20.03,1467
2025-07-24T02:26:31.0292953Z,Buy,20.03,164
2025-07-24T02:26:31.0492953Z,Buy,20.03,71
2025-07-24T02:26:31.0492953Z,Buy,20.04,372
2025-07-24T02:26:31.0592953Z,Sell,20.02,1914
2025-07-24T02:26:31.0692953Z,Buy,20.04,272
2025-07-24T02:26:31.0892953Z,Sell,20.02,759
2025-07-24T02:26:31.0992953Z,Buy,20.04,649
2025-07-24T02:26:31.1392953Z,Sell,20.02,1745
2025-07-24T02:26:31.1392953Z,Sell,20.02,150
2025-07-24T02:26:31.1692953Z,Buy,20.04,93
2025-07-24T02:26:31.1992953Z,Sell,20.02,679
2025-07-24T02:26:31.1992953Z,Sell,20.02,1682
2025-07-24T02:26:31.2092953Z,Buy,20.04,1612
2025-07-24T02:26:31.2192953Z,Buy,20.04,510
2025-07-24T02:26:31.2292953Z,Sell,20.02,436
2025-07-24T02:26:31.2392953Z,Buy,20.04,285
2025-07-24T02:26:31.2492953Z,Sell,20.02,585
2025-07-24T02:26:31.2492953Z,Sell,20.02,2500
2025-07-24T02:26:31.2492953Z,Sell,20.01,1784
2025-07-24T02:26:31.2592953Z,Buy,20.03,219
2025-07-24T02:26:31.2792953Z,Buy,20.03,2281
2025-07-24T02:26:31.2792953Z,Buy,20.03,219
2025-07-24T02:26:31.2792953Z,Buy,20.04,625
2025-07-24T02:26:31.2892953Z,Buy,20.04,162
2025-07-24T02:26:31.2992953Z,Buy,20.04,2177
2025-07-24T02:26:31.3092953Z,Buy,20.04,162
2025-07-24T02:26:31.3092953Z,Buy,20.04,161
2025-07-24T02:26:31.3092953Z,Buy,20.04,2177
2025-07-24T02:26:31.3092953Z,Buy,20.04,242
2025-07-24T02:26:31.3092953Z,Buy,20.05,688
2025-07-24T02:26:31.3192953Z,Buy,20.04,369
2025-07-24T02:26:31.3292953Z,Sell,20.02,819
2025-07-24T02:26:31.3392953Z,Sell,20.02,1681
2025-07-24T02:26:31.3392953Z,Sell,20.02,382
2025-07-24T02:26:31.3492953Z,Sell,20.02,437
2025-07-24T02:26:31.3492953Z,Sell,20.02,770
2025-07-24T02:26:31.3692953Z,Sell,20.02,1663
2025-07-24T02:26:31.3792953Z,Buy,20.04,206
2025-07-24T02:26:31.3792953Z,Buy,20.04,2500
2025-07-24T02:26:31.3792953Z,Buy,20.05,788
2025-07-24T02:26:31.3792953Z,Buy,20.05,1366
2025-07-24T02:26:31.3892953Z,Sell,20.03,2500
2025-07-24T02:26:31.3892953Z,Sell,20.02,2152
2025-07-24T02:26:31.3892953Z,Sell,20.01,913
2025-07-24T02:26:31.3892953Z,Sell,20.01,2544
2025-07-24T02:26:31.3892953Z,Sell,20.01,600
2025-07-24T02:26:31.3892953Z,Sell,20.01,298
2025-07-24T02:26:31.3892953Z,Sell,20.01,1852
2025-07-24T02:26:31.3892953Z,Sell,20.00,4591
2025-07-24T02:26:31.3892953Z,Sell,20.00,1997
2025-07-24T02:26:31.3892953Z,Sell,20.00,803
2025-07-24T02:26:31.3892953Z,Sell,20.00,1594
2025-07-24T02:26:31.3892953Z,Sell,19.99,456
2025-07-24T02:26:31.3892953Z,Sell,19.99,1372
2025-07-24T02:26:31.3892953Z,Sell,19.98,1181
2025-07-24T02:26:31.3892953Z,Sell,19.97,512
2025-07-24T02:26:31.3892953Z,Sell,19.97,700
2025-07-24T02:26:31.4292953Z,Sell,20.01,224
2025-07-24T02:26:31.4392953Z,Sell,20.01,2016
2025-07-24T02:26:31.4492953Z,Sell,20.01,458
2025-07-24T02:26:31.4492953Z,Sell,20.01,677
2025-07-24T02:26:31.4692953Z,Buy,20.03,507
2025-07-24T02:26:31.4792953Z,Sell,20.01,2013
2025-07-24T02:26:31.4892953Z,Buy,20.03,1086
2025-07-24T02:26:31.5092953Z,Sell,20.01,217
2025-07-24T02:26:31.5392953Z,Buy,20.03,208
2025-07-24T02:26:31.5392953Z,Buy,20.03,318
2025-07-24T02:26:31.5592953Z,Sell,20.02,840
2025-07-24T02:26:31.5592953Z,Sell,20.02,509
2025-07-24T02:26:31.5592953Z,Sell,20.02,671
2025-07-24T02:26:31.5692953Z,Buy,20.04,777
2025-07-24T02:26:31.5892953Z,Sell,20.01,125
2025-07-24T02:26:31.5992953Z,Buy,20.03,805
2025-07-24T02:26:31.6092953Z,Buy,20.03,561
2025-07-24T02:26:31.6092953Z,Buy,20.03,458
2025-07-24T02:26:31.6492953Z,Buy,20.03,89
2025-07-24T02:26:31.6492953Z,Buy,20.04,1564
2025-07-24T02:26:31.6592953Z,Buy,20.04,500
2025-07-24T02:26:31.6792953Z,Sell,20.02,466
2025-07-24T02:26:31.7292953Z,Sell,20.02,193
2025-07-24T02:26:31.7292953Z,Sell,20.02,755
2025-07-24T02:26:31.7392953Z,Buy,20.04,1442
2025-07-24T02:26:31.7492953Z,Buy,20.04,161
2025-07-24T02:26:31.7592953Z,Buy,20.04,626
2025-07-24T02:26:31.7892953Z,Sell,20.02,838
2025-07-24T02:26:31.7892953Z,Sell,20.02,1278
2025-07-24T02:26:31.7992953Z,Buy,20.04,1445
2025-07-24T02:26:31.8092953Z,Sell,20.02,878
2025-07-24T02:26:31.8192953Z,Sell,20.02,249
2025-07-24T02:26:31.8292953Z,Sell,20.02,547
2025-07-24T02:26:31.8392953Z,Sell,20.02,1744
2025-07-24T02:26:31.8392953Z,Sell,20.02,443
2025-07-24T02:26:31.8392953Z,Sell,20.02,1815
2025-07-24T02:26:31.8592953Z,Sell,20.03,1643
2025-07-24T02:26:31.8592953Z,Sell,20.02,1
2025-07-24T02:26:31.8692953Z,Buy,20.04,393
2025-07-24T02:26:31.8992953Z,Buy,20.04,531
2025-07-24T02:26:31.9192953Z,Sell,20.02,1237
2025-07-24T02:26:31.9392953Z,Buy,20.03,325
2025-07-24T02:26:31.9692953Z,Sell,20.02,154
2025-07-24T02:26:31.9792953Z,Sell,20.02,2091
2025-07-24T02:26:31.9892953Z,Buy,20.03,114
2025-07-24T02:26:31.9992953Z,Sell,20.02,1172
2025-07-24T02:26:31.9992953Z,Sell,20.02,1336
2025-07-24T02:26:31.9992953Z,Sell,20.02,870
2025-07-24T02:26:32.0192953Z,Sell,20.01,2407
2025-07-24T02:26:32.0392953Z,Buy,20.03,95
2025-07-24T02:26:32.0492953Z,Sell,20.01,887
2025-07-24T02:26:32.0592953Z,Buy,20.03,179
2025-07-24T02:26:32.0592953Z,Buy,20.03,189
2025-07-24T02:26:32.0792953Z,Sell,20.01,2500
2025-07-24T02:26:32.0792953Z,Sell,20.01,395
2025-07-24T02:26:32.0892953Z,Sell,20.01,2500
2025-07-24T02:26:32.0892953Z,Sell,20.01,2883
2025-07-24T02:26:32.1092953Z,Sell,20.01,441
2025-07-24T02:26:32.1292953Z,Buy,20.03,2081
2025-07-24T02:26:32.1592953Z,Buy,20.03,1567
2025-07-24T02:26:32.1792953Z,Buy,20.03,113
2025-07-24T02:26:32.1892953Z,Buy,20.03,147
2025-07-24T02:26:32.1892953Z,Buy,20.03,301
2025-07-24T02:26:32.1892953Z,Buy,20.03,2500
2025-07-24T02:26:32.1892953Z,Buy,20.04,981
2025-07-24T02:26:32.1892953Z,Buy,20.04,16604
2025-07-24T02:26:32.2492953Z,Sell,20.03,941
2025-07-24T02:26:32.2592953Z,Buy,20.04,1265
2025-07-24T02:26:32.2692953Z,Sell,20.03,498
2025-07-24T02:26:32.2692953Z,Sell,20.03,1622
2025-07-24T02:26:32.2792953Z,Sell,20.02,674
2025-07-24T02:26:32.3392953Z,Sell,20.03,2161
2025-07-24T02:26:32.3392953Z,Sell,20.03,306
2025-07-24T02:26:32.3592953Z,Sell,20.02,960
2025-07-24T02:26:32.3892953Z,Buy,20.04,2665
2025-07-24T02:26:32.3992953Z,Buy,20.04,921
2025-07-24T02:26:32.4092953Z,Sell,20.02,214
2025-07-24T02:26:32.4292953Z,Buy,20.03,562
2025-07-24T02:26:32.4292953Z,Buy,20.04,2500
2025-07-24T02:26:32.4292953Z,Buy,20.04,237
2025-07-24T02:26:32.4292953Z,Buy,20.04,2212
2025-07-24T02:26:32.4392953Z,Sell,20.02,774
2025-07-24T02:26:32.4392953Z,Sell,20.02,463
2025-07-24T02:26:32.4392953Z,Sell,20.02,702
2025-07-24T02:26:32.4492953Z,Buy,20.04,1976
2025-07-24T02:26:32.4492953Z,Buy,20.04,1610
2025-07-24T02:26:32.4692953Z,Buy,20.04,315
2025-07-24T02:26:32.4892953Z,Buy,20.04,650
2025-07-24T02:26:32.4892953Z,Buy,20.04,1672
2025-07-24T02:26:32.5092953Z,Buy,20.03,139
2025-07-24T02:26:32.5092953Z,Buy,20.04,2500
2025-07-24T02:26:32.5092953Z,Buy,20.04,6162
2025-07-24T02:26:32.5192953Z,Buy,20.04,1559
2025-07-24T02:26:32.5292953Z,Buy,20.04,941
2025-07-24T02:26:32.5292953Z,Buy,20.04,1224
2025-07-24T02:26:32.5792953Z,Buy,20.04,1312
2025-07-24T02:26:32.5992953Z,Buy,20.04,505
2025-07-24T02:26:32.6292953Z,Buy,20.03,869
2025-07-24T02:26:32.6592953Z,Buy,20.03,1786
2025-07-24T02:26:32.6592953Z,Buy,20.03,630
2025-07-24T02:26:32.6592953Z,Buy,20.03,1169
2025-07-24T02:26:32.6592953Z,Buy,20.04,2500
2025-07-24T02:26:32.6592953Z,Buy,20.04,293
2025-07-24T02:26:32.6592953Z,Buy,20.04,359
2025-07-24T02:26:32.6592953Z,Buy,20.04,1537
2025-07-24T02:26:32.6592953Z,Buy,20.04,749
2025-07-24T02:26:32.6592953Z,Buy,20.05,1151
2025-07-24T02:26:32.6692953Z,Buy,20.04,599
2025-07-24T02:26:32.7092953Z,Buy,20.04,527
2025-07-24T02:26:32.7292953Z,Buy,20.04,80
2025-07-24T02:26:32.7292953Z,Buy,20.04,2500
2025-07-24T02:26:32.7292953Z,Buy,20.05,306
2025-07-24T02:26:32.7292953Z,Buy,20.05,643
2025-07-24T02:26:32.7292953Z,Buy,20.05,1180
2025-07-24T02:26:32.7292953Z,Buy,20.05,182
2025-07-24T02:26:32.7392953Z,Sell,20.03,1602
2025-07-24T02:26:32.7392953Z,Buy,20.05,1
2025-07-24T02:26:32.7492953Z,Buy,20.04,1
2025-07-24T02:26:32.7592953Z,Buy,20.04,1
2025-07-24T02:26:32.7692953Z,Buy,20.04,1
2025-07-24T02:26:32.7792953Z,Buy,20.04,468
2025-07-24T02:26:32.7792953Z,Buy,20.04,27
2025-07-24T02:26:32.7792953Z,Buy,20.04,1
2025-07-24T02:26:32.7892953Z,Buy,20.04,1
2025-07-24T02:26:32.7992953Z,Sell,20.02,696
2025-07-24T02:26:32.7992953Z,Buy,20.04,1
2025-07-24T02:26:32.8092953Z,Buy,20.04,1
2025-07-24T02:26:32.8192953Z,Buy,20.04,1
2025-07-24T02:26:32.8292953Z,Sell,20.02,172
2025-07-24T02:26:32.8292953Z,Buy,20.04,1
2025-07-24T02:26:32.8392953Z,Buy,20.04,1
2025-07-24T02:26:32.8492953Z,Sell,20.02,427
2025-07-24T02:26:32.8492953Z,Buy,20.04,1
2025-07-24T02:26:32.8592953Z,Sell,20.02,2307
2025-07-24T02:26:32.8592953Z,Buy,20.04,1
2025-07-24T02:26:32.8692953Z,Sell,20.02,2500
2025-07-24T02:26:32.8692953Z,Sell,20.02,676
2025-07-24T02:26:32.8692953Z,Sell,20.02,948
2025-07-24T02:26:32.8692953Z,Sell,20.02,931
2025-07-24T02:26:32.8692953Z,Sell,20.01,2152
2025-07-24T02:26:32.8692953Z,Sell,20.01,246
2025-07-24T02:26:32.8692953Z,Sell,20.01,4773
2025-07-24T02:26:32.8692953Z,Buy,20.04,1
2025-07-24T02:26:32.8792953Z,Buy,20.04,2500
2025-07-24T02:26:32.8792953Z,Buy,20.04,1678
2025-07-24T02:26:32.8792953Z,Buy,20.05,517
2025-07-24T02:26:32.8792953Z,Buy,20.05,1
2025-07-24T02:26:32.8892953Z,Buy,20.04,1
2025-07-24T02:26:32.8992953Z,Buy,20.04,2499
2025-07-24T02:26:32.8992953Z,Buy,20.04,1
2025-07-24T02:26:32.8992953Z,Buy,20.05,779
2025-07-24T02:26:32.8992953Z,Buy,20.05,326
2025-07-24T02:26:32.8992953Z,Buy,20.05,287
2025-07-24T02:26:32.8992953Z,Buy,20.05,522
2025-07-24T02:26:32.8992953Z,Buy,20.05,1
2025-07-24T02:26:32.9092953Z,Buy,20.05,1
2025-07-24T02:26:32.9192953Z,Buy,20.05,1
2025-07-24T02:26:32.9292953Z,Buy,20.04,1
2025-07-24T02:26:32.9392953Z,Buy,20.04,698
2025-07-24T02:26:32.9392953Z,Buy,20.05,1884
2025-07-24T02:26:32.9392953Z,Buy,20.05,1
2025-07-24T02:26:32.9492953Z,Buy,20.05,1
2025-07-24T02:26:32.9592953Z,Sell,20.04,1848
2025-07-24T02:26:32.9592953Z,Sell,20.03,1893
2025-07-24T02:26:32.9592953Z,Buy,20.05,1
2025-07-24T02:26:32.9692953Z,Buy,20.05,1
2025-07-24T02:26:32.9792953Z,Buy,20.05,1412
2025-07-24T02:26:32.9792953Z,Buy,20.05,165
2025-07-24T02:26:32.9792953Z,Buy,20.05,1067
2025-07-24T02:26:32.9792953Z,Buy,20.05,1
2025-07-24T02:26:32.9892953Z,Buy,20.05,1
2025-07-24T02:26:32.9992953Z,Buy,20.05,1
2025-07-24T02:26:33.0092953Z,Buy,20.05,1431
2025-07-24T02:26:33.0092953Z,Buy,20.05,1
2025-07-24T02:26:33.0092953Z,Buy,20.05,1067
2025-07-24T02:26:33.0092953Z,Buy,20.05,1
2025-07-24T02:26:33.0092953Z,Buy,20.06,134
2025-07-24T02:26:33.0092953Z,Buy,20.06,1
2025-07-24T02:26:33.0192953Z,Buy,20.06,1
2025-07-24T02:26:33.0292953Z,Buy,20.06,436
2025-07-24T02:26:33.0292953Z,Buy,20.06,1
2025-07-24T02:26:33.0392953Z,Buy,20.06,1
2025-07-24T02:26:33.0492953Z,Buy,20.06,1
2025-07-24T02:26:33.0592953Z,Buy,20.06,320
2025-07-24T02:26:33.0592953Z,Buy,20.06,1
2025-07-24T02:26:33.0692953Z,Buy,20.06,1
2025-07-24T02:26:33.0792953Z,Buy,20.06,1
2025-07-24T02:26:33.0892953Z,Buy,20.06,1026
2025-07-24T02:26:33.0892953Z,Buy,20.06,1
2025-07-24T02:26:33.0992953Z,Buy,20.05,1
2025-07-24T02:26:33.1092953Z,Buy,20.05,1
2025-07-24T02:26:33.1192953Z,Buy,20.05,1
2025-07-24T02:26:33.1292953Z,Buy,20.05,776
2025-07-24T02:26:33.1292953Z,Buy,20.06,250
2025-07-24T02:26:33.1292953Z,Buy,20.06,1
2025-07-24T02:26:33.1392953Z,Buy,20.06,2500
2025-07-24T02:26:33.1392953Z,Buy,20.06,398
2025-07-24T02:26:33.1392953Z,Buy,20.06,1
2025-07-24T02:26:33.1492953Z,Buy,20.06,1
2025-07-24T02:26:33.1592953Z,Buy,20.06,198
2025-07-24T02:26:33.1592953Z,Buy,20.06,1
2025-07-24T02:26:33.1692953Z,Buy,20.06,29
2025-07-24T02:26:33.1692953Z,Buy,20.06,8
2025-07-24T02:26:33.1692953Z,Buy,20.06,290
2025-07-24T02:26:33.1692953Z,Buy,20.07,2500
2025-07-24T02:26:33.1692953Z,Buy,20.07,235
2025-07-24T02:26:33.1692953Z,Buy,20.08,116
2025-07-24T02:26:33.1692953Z,Buy,20.08,1
2025-07-24T02:26:33.1792953Z,Buy,20.07,1
2025-07-24T02:26:33.1892953Z,Buy,20.07,321
2025-07-24T02:26:33.1892953Z,Buy,20.07,1
2025-07-24T02:26:33.1992953Z,Buy,20.07,1
2025-07-24T02:26:33.2092953Z,Buy,20.07,403
2025-07-24T02:26:33.2092953Z,Buy,20.07,2500
2025-07-24T02:26:33.2092953Z,Buy,20.08,2152
2025-07-24T02:26:33.2092953Z,Buy,20.09,1736
2025-07-24T02:26:33.2092953Z,Buy,20.09,1
2025-07-24T02:26:33.2192953Z,Buy,20.08,1360
2025-07-24T02:26:33.2192953Z,Buy,20.08,1
2025-07-24T02:26:33.2292953Z,Buy,20.08,1
2025-07-24T02:26:33.2392953Z,Buy,20.08,1361
2025-07-24T02:26:33.2392953Z,Buy,20.08,1138
2025-07-24T02:26:33.2392953Z,Buy,20.08,1
2025-07-24T02:26:33.2492953Z,Buy,20.09,1
2025-07-24T02:26:33.2592953Z,Buy,20.09,1
2025-07-24T02:26:33.2692953Z,Buy,20.09,1
2025-07-24T02:26:33.2792953Z,Buy,20.09,927
2025-07-24T02:26:33.2792953Z,Buy,20.09,1
2025-07-24T02:26:33.2892953Z,Sell,20.07,2500
2025-07-24T02:26:33.2892953Z,Sell,20.06,1068
2025-07-24T02:26:33.2892953Z,Sell,20.06,672
2025-07-24T02:26:33.2892953Z,Buy,20.09,1
2025-07-24T02:26:33.2992953Z,Buy,20.08,1705
2025-07-24T02:26:33.2992953Z,Buy,20.08,1
2025-07-24T02:26:33.3092953Z,Buy,20.08,1
2025-07-24T02:26:33.3192953Z,Buy,20.09,1
2025-07-24T02:26:33.3292953Z,Buy,20.09,289
2025-07-24T02:26:33.3292953Z,Buy,20.09,1
2025-07-24T02:26:33.3392953Z,Buy,20.09,1
2025-07-24T02:26:33.3492953Z,Buy,20.09,1
2025-07-24T02:26:33.3592953Z,Buy,20.09,519
2025-07-24T02:26:33.3592953Z,Buy,20.09,1
2025-07-24T02:26:33.3692953Z,Sell,20.07,1085
2025-07-24T02:26:33.3692953Z,Buy,20.09,1
2025-07-24T02:26:33.3792953Z,Buy,20.09,296
2025-07-24T02:26:33.3792953Z,Buy,20.09,1
2025-07-24T02:26:33.3892953Z,Sell,20.07,3784
2025-07-24T02:26:33.3892953Z,Sell,20.07,2310
2025-07-24T02:26:33.3892953Z,Sell,20.07,2500
2025-07-24T02:26:33.3892953Z,Sell,20.06,727
2025-07-24T02:26:33.3892953Z,Buy,20.09,1
2025-07-24T02:26:33.3992953Z,Buy,20.08,1
2025-07-24T02:26:33.4092953Z,Buy,20.09,1
2025-07-24T02:26:33.4192953Z,Buy,20.09,2350
2025-07-24T02:26:33.4192953Z,Buy,20.09,1
2025-07-24T02:26:33.4292953Z,Buy,20.09,1
2025-07-24T02:26:33.4392953Z,Buy,20.09,1
2025-07-24T02:26:33.4492953Z,Buy,20.09,2500
2025-07-24T02:26:33.4492953Z,Buy,20.09,805
2025-07-24T02:26:33.4492953Z,Buy,20.09,531
2025-07-24T02:26:33.4492953Z,Buy,20.09,696
2025-07-24T02:26:33.4492953Z,Buy,20.10,1504
2025-07-24T02:26:33.4492953Z,Buy,20.10,1
2025-07-24T02:26:33.4592953Z,Buy,20.09,1
2025-07-24T02:26:33.4692953Z,Buy,20.09,599
2025-07-24T02:26:33.4692953Z,Buy,20.09,1
2025-07-24T02:26:33.4792953Z,Buy,20.09,1
2025-07-24T02:26:33.4892953Z,Buy,20.09,600
2025-07-24T02:26:33.4892953Z,Buy,20.09,1513
2025-07-24T02:26:33.4892953Z,Buy,20.09,1
2025-07-24T02:26:33.4992953Z,Buy,20.09,1
2025-07-24T02:26:33.5092953Z,Buy,20.09,166
2025-07-24T02:26:33.5092953Z,Buy,20.09,1
2025-07-24T02:26:33.5192953Z,Buy,20.09,1
2025-07-24T02:26:33.5192953Z,Buy,20.09,1948
2025-07-24T02:26:33.5192953Z,Buy,20.09,336
2025-07-24T02:26:33.5192953Z,Buy,20.09,1
2025-07-24T02:26:33.5292953Z,Buy,20.09,48
2025-07-24T02:26:33.5292953Z,Buy,20.09,166
2025-07-24T02:26:33.5292953Z,Buy,20.09,2286
2025-07-24T02:26:33.5292953Z,Buy,20.10,394
2025-07-24T02:26:33.5292953Z,Buy,20.10,703
2025-07-24T02:26:33.5292953Z,Buy,20.10,1
2025-07-24T02:26:33.5392953Z,Buy,20.10,200
2025-07-24T02:26:33.5392953Z,Buy,20.10,1
2025-07-24T02:26:33.5492953Z,Sell,20.08,1042
2025-07-24T02:26:33.5492953Z,Buy,20.10,1
2025-07-24T02:26:33.5592953Z,Buy,20.10,1
2025-07-24T02:26:33.5692953Z,Buy,20.10,1
2025-07-24T02:26:33.5792953Z,Buy,20.10,1
2025-07-24T02:26:33.5892953Z,Buy,20.10,1
2025-07-24T02:26:33.5992953Z,Buy,20.10,1
2025-07-24T02:26:33.6092953Z,Buy,20.10,1
2025-07-24T02:26:33.6192953Z,Buy,20.10,2500
2025-07-24T02:26:33.6192953Z,Buy,20.10,123
2025-07-24T02:26:33.6192953Z,Buy,20.10,1
2025-07-24T02:26:33.6292953Z,Buy,20.10,179
2025-07-24T02:26:33.6292953Z,Buy,20.10,958
2025-07-24T02:26:33.6292953Z,Buy,20.10,1
2025-07-24T02:26:33.6392953Z,Buy,20.10,1541
2025-07-24T02:26:33.6392953Z,Buy,20.10,959
2025-07-24T02:26:33.6392953Z,Buy,20.11,1842
2025-07-24T02:26:33.6392953Z,Buy,20.11,1
2025-07-24T02:26:33.6492953Z,Buy,20.11,433
2025-07-24T02:26:33.6492953Z,Buy,20.11,1
2025-07-24T02:26:33.6592953Z,Buy,20.11,1
2025-07-24T02:26:33.6692953Z,Buy,20.11,1
2025-07-24T02:26:33.6792953Z,Sell,20.09,475
2025-07-24T02:26:33.6792953Z,Sell,20.09,1169
2025-07-24T02:26:33.6792953Z,Sell,20.09,2500
2025-07-24T02:26:33.6792953Z,Sell,20.08,327
2025-07-24T02:26:33.6792953Z,Sell,20.08,1047
2025-07-24T02:26:33.6792953Z,Sell,20.08,678
2025-07-24T02:26:33.6792953Z,Buy,20.11,1
2025-07-24T02:26:33.6892953Z,Sell,20.08,624
2025-07-24T02:26:33.6892953Z,Buy,20.10,1
2025-07-24T02:26:33.6992953Z,Buy,20.10,2499
2025-07-24T02:26:33.6992953Z,Buy,20.10,1
2025-07-24T02:26:33.6992953Z,Buy,20.11,1372
2025-07-24T02:26:33.6992953Z,Buy,20.11,1
2025-07-24T02:26:33.7092953Z,Buy,20.11,588
2025-07-24T02:26:33.7092953Z,Buy,20.11,1
2025-07-24T02:26:33.7192953Z,Buy,20.11,1
2025-07-24T02:26:33.7292953Z,Buy,20.11,1
2025-07-24T02:26:33.7392953Z,Buy,20.11,833
2025-07-24T02:26:33.7392953Z,Buy,20.11,1
2025-07-24T02:26:33.7492953Z,Sell,20.10,1009
2025-07-24T02:26:33.7492953Z,Sell,20.10,2500
2025-07-24T02:26:33.7492953Z,Sell,20.09,955
2025-07-24T02:26:33.7492953Z,Buy,20.11,1
2025-07-24T02:26:33.7592953Z,Sell,20.09,2223
2025-07-24T02:26:33.7592953Z,Buy,20.11,1
2025-07-24T02:26:33.7692953Z,Sell,20.09,277
2025-07-24T02:26:33.7692953Z,Sell,20.09,160
2025-07-24T02:26:33.7692953Z,Buy,20.11,1
2025-07-24T02:26:33.7792953Z,Buy,20.11,1
2025-07-24T02:26:33.7792953Z,Buy,20.11,483
2025-07-24T02:26:33.7792953Z,Buy,20.11,1
2025-07-24T02:26:33.7892953Z,Buy,20.11,446
2025-07-24T02:26:33.7892953Z,Buy,20.11,1
2025-07-24T02:26:33.7992953Z,Buy,20.11,1
2025-07-24T02:26:33.8092953Z,Buy,20.11,484
2025-07-24T02:26:33.8092953Z,Buy,20.11,431
2025-07-24T02:26:33.8092953Z,Buy,20.11,1
2025-07-24T02:26:33.8192953Z,Buy,20.11,1
2025-07-24T02:26:33.8292953Z,Buy,20.11,1
2025-07-24T02:26:33.8392953Z,Buy,20.11,677
2025-07-24T02:26:33.8392953Z,Buy,20.11,1
2025-07-24T02:26:33.8492953Z,Buy,20.11,1516
2025-07-24T02:26:33.8492953Z,Buy,20.11,1
2025-07-24T02:26:33.8592953Z,Buy,20.11,2500
2025-07-24T02:26:33.8592953Z,Buy,20.11,42
2025-07-24T02:26:33.8592953Z,Buy,20.12,2152
2025-07-24T02:26:33.8592953Z,Buy,20.12,1355
2025-07-24T02:26:33.8592953Z,Buy,20.12,1
2025-07-24T02:26:33.8692953Z,Sell,20.10,1582
2025-07-24T02:26:33.8692953Z,Buy,20.12,1
2025-07-24T02:26:33.8792953Z,Buy,20.12,1
2025-07-24T02:26:33.8892953Z,Buy,20.12,1
2025-07-24T02:26:33.8992953Z,Sell,20.10,918
2025-07-24T02:26:33.8992953Z,Sell,20.10,394
2025-07-24T02:26:33.8992953Z,Buy,20.12,1
2025-07-24T02:26:33.9092953Z,Buy,20.12,1
2025-07-24T02:26:33.9092953Z,Buy,20.12,1
2025-07-24T02:26:33.9092953Z,Buy,20.12,1543
2025-07-24T02:26:33.9092953Z,Buy,20.12,1
2025-07-24T02:26:33.9192953Z,Buy,20.12,1
2025-07-24T02:26:33.9292953Z,Buy,20.12,1
2025-07-24T02:26:33.9392953Z,Buy,20.12,1
2025-07-24T02:26:33.9492953Z,Buy,20.12,1
2025-07-24T02:26:33.9592953Z,Buy,20.12,1507
2025-07-24T02:26:33.9592953Z,Buy,20.12,1
2025-07-24T02:26:33.9692953Z,Buy,20.12,1
2025-07-24T02:26:33.9792953Z,Buy,20.12,1
2025-07-24T02:26:33.9892953Z,Buy,20.12,419
2025-07-24T02:26:33.9892953Z,Buy,20.12,206
2025-07-24T02:26:33.9892953Z,Buy,20.12,1
2025-07-24T02:26:33.9992953Z,Buy,20.12,520
2025-07-24T02:26:33.9992953Z,Buy,20.12,2479
2025-07-24T02:26:33.9992953Z,Buy,20.12,1
2025-07-24T02:26:34.0092953Z,Buy,20.12,1250
2025-07-24T02:26:34.0092953Z,Buy,20.13,2500
2025-07-24T02:26:34.0092953Z,Buy,20.14,140
2025-07-24T02:26:34.0092953Z,Buy,20.14,1
2025-07-24T02:26:34.0192953Z,Buy,20.13,2500
2025-07-24T02:26:34.0192953Z,Buy,20.14,976
2025-07-24T02:26:34.0192953Z,Buy,20.14,1
2025-07-24T02:26:34.0292953Z,Sell,20.12,2500
2025-07-24T02:26:34.0292953Z,Sell,20.11,245
2025-07-24T02:26:34.0292953Z,Buy,20.14,1
2025-07-24T02:26:34.0392953Z,Buy,20.13,1
2025-07-24T02:26:34.0492953Z,Buy,20.13,1430
2025-07-24T02:26:34.0492953Z,Buy,20.13,490
2025-07-24T02:26:34.0492953Z,Buy,20.13,1
2025-07-24T02:26:34.0592953Z,Buy,20.13,1
2025-07-24T02:26:34.0692953Z,Buy,20.13,1
2025-07-24T02:26:34.0792953Z,Sell,20.11,2500
2025-07-24T02:26:34.0792953Z,Sell,20.11,165
2025-07-24T02:26:34.0792953Z,Sell,20.10,174
2025-07-24T02:26:34.0792953Z,Buy,20.13,1
2025-07-24T02:26:34.0892953Z,Buy,20.13,2500
2025-07-24T02:26:34.0892953Z,Buy,20.13,1304
2025-07-24T02:26:34.0892953Z,Buy,20.13,1
2025-07-24T02:26:34.0992953Z,Buy,20.13,803
2025-07-24T02:26:34.0992953Z,Buy,20.13,1
2025-07-24T02:26:34.1092953Z,Buy,20.13,1
2025-07-24T02:26:34.1192953Z,Buy,20.13,2500
2025-07-24T02:26:34.1192953Z,Buy,20.13,281
2025-07-24T02:26:34.1192953Z,Buy,20.13,1
2025-07-24T02:26:34.1292953Z,Buy,20.13,1
2025-07-24T02:26:34.1392953Z,Buy,20.13,1240
2025-07-24T02:26:34.1392953Z,Buy,20.13,1
2025-07-24T02:26:34.1492953Z,Buy,20.13,1
2025-07-24T02:26:34.1592953Z,Buy,20.13,146
2025-07-24T02:26:34.1592953Z,Buy,20.13,1240
2025-07-24T02:26:34.1592953Z,Buy,20.13,498
2025-07-24T02:26:34.1592953Z,Buy,20.13,1
2025-07-24T02:26:34.1692953Z,Buy,20.13,1
2025-07-24T02:26:34.1792953Z,Buy,20.14,1
