ts,bidPrice,bidQty,askPrice,askQty
2025-07-24T01:38:41.9996237Z,19.99,4967,20.01,5000
2025-07-24T01:38:41.9996237Z,19.98,4304,20.02,4304
2025-07-24T01:38:41.9996237Z,19.97,3704,20.03,3704
2025-07-24T01:38:41.9996237Z,19.96,1594,20.04,3188
2025-07-24T01:38:41.9996237Z,19.95,2744,20.05,2744
2025-07-24T01:38:41.9996237Z,19.94,2362,20.06,2362
2025-07-24T01:38:41.9996237Z,19.93,2032,20.07,2032
2025-07-24T01:38:41.9996237Z,19.92,1750,20.08,1750
2025-07-24T01:38:41.9996237Z,19.91,1506,20.09,1506
2025-07-24T01:38:41.9996237Z,19.90,1296,20.10,1296
                                   
2025-07-24T01:38:42.9996237Z,20.05,1184,20.07,1629
2025-07-24T01:38:42.9996237Z,20.05,2500,20.07,4811
2025-07-24T01:38:42.9996237Z,20.04,7711,20.08,2152
2025-07-24T01:38:42.9996237Z,20.04,2152,20.08,875
2025-07-24T01:38:42.9996237Z,20.03,31714,20.09,1852
2025-07-24T01:38:42.9996237Z,20.03,1852,20.10,1594
2025-07-24T01:38:42.9996237Z,20.02,1315,20.10,648
2025-07-24T01:38:42.9996237Z,20.02,1594,20.11,1372
2025-07-24T01:38:42.9996237Z,20.01,489,20.12,1181
2025-07-24T01:38:42.9996237Z,20.01,1372,20.13,1016
                                   
2025-07-24T01:38:43.9996237Z,20.04,19909,20.05,14082
2025-07-24T01:38:43.9996237Z,20.04,2500,20.06,2500
2025-07-24T01:38:43.9996237Z,20.03,4266,20.06,9276
2025-07-24T01:38:43.9996237Z,20.03,2152,20.07,2152
2025-07-24T01:38:43.9996237Z,20.02,4622,20.07,4811
2025-07-24T01:38:43.9996237Z,20.02,1852,20.08,1852
2025-07-24T01:38:43.9996237Z,20.01,7975,20.09,1594
2025-07-24T01:38:43.9996237Z,20.01,1594,20.10,1372
2025-07-24T01:38:43.9996237Z,20.00,1372,20.10,648
2025-07-24T01:38:43.9996237Z,19.99,470,20.11,1181
                                   
2025-07-24T01:38:44.9996237Z,20.03,2500,20.04,1527
2025-07-24T01:38:44.9996237Z,20.03,5070,20.05,3023
2025-07-24T01:38:44.9996237Z,20.02,2152,20.05,2500
2025-07-24T01:38:44.9996237Z,20.02,2568,20.06,2152
2025-07-24T01:38:44.9996237Z,20.01,1852,20.07,12401
2025-07-24T01:38:44.9996237Z,20.01,21027,20.07,1852
2025-07-24T01:38:44.9996237Z,20.00,1594,20.08,767
2025-07-24T01:38:44.9996237Z,19.99,1372,20.08,1594
2025-07-24T01:38:44.9996237Z,19.99,470,20.09,3765
2025-07-24T01:38:44.9996237Z,19.98,1181,20.09,1372
                                   
2025-07-24T01:38:45.9996237Z,20.03,24271,20.04,393
2025-07-24T01:38:45.9996237Z,20.03,2500,20.05,2500
2025-07-24T01:38:45.9996237Z,20.02,18957,20.05,353
2025-07-24T01:38:45.9996237Z,20.02,2152,20.06,2152
2025-07-24T01:38:45.9996237Z,20.01,22961,20.06,9656
2025-07-24T01:38:45.9996237Z,20.01,1852,20.07,1852
2025-07-24T01:38:45.9996237Z,20.00,1594,20.07,5732
2025-07-24T01:38:45.9996237Z,19.99,1372,20.08,1594
2025-07-24T01:38:45.9996237Z,19.98,1181,20.08,1082
2025-07-24T01:38:45.9996237Z,19.97,1016,20.09,1372
                                   
2025-07-24T01:38:46.9996237Z,20.04,9642,20.06,2321
2025-07-24T01:38:46.9996237Z,20.04,2500,20.06,14440
2025-07-24T01:38:46.9996237Z,20.03,21418,20.07,2152
2025-07-24T01:38:46.9996237Z,20.03,2152,20.07,10947
2025-07-24T01:38:46.9996237Z,20.02,9603,20.08,1852
2025-07-24T01:38:46.9996237Z,20.02,1852,20.08,3773
2025-07-24T01:38:46.9996237Z,20.01,25381,20.09,1594
2025-07-24T01:38:46.9996237Z,20.01,1594,20.10,1372
2025-07-24T01:38:46.9996237Z,20.00,1372,20.10,2232
2025-07-24T01:38:46.9996237Z,19.99,1181,20.11,1181
                                   
2025-07-24T01:38:47.9996237Z,20.05,1988,20.07,2500
2025-07-24T01:38:47.9996237Z,20.05,2500,20.07,30035
2025-07-24T01:38:47.9996237Z,20.04,9258,20.08,2152
2025-07-24T01:38:47.9996237Z,20.04,2152,20.08,7835
2025-07-24T01:38:47.9996237Z,20.03,21897,20.09,1852
2025-07-24T01:38:47.9996237Z,20.03,1852,20.10,1594
2025-07-24T01:38:47.9996237Z,20.02,5715,20.10,2370
2025-07-24T01:38:47.9996237Z,20.02,1594,20.11,1372
2025-07-24T01:38:47.9996237Z,20.01,22402,20.12,1181
2025-07-24T01:38:47.9996237Z,20.01,1372,20.13,1016
                                   
2025-07-24T01:38:48.9996237Z,20.04,10577,20.06,5236
2025-07-24T01:38:48.9996237Z,20.03,17415,20.07,24440
2025-07-24T01:38:48.9996237Z,20.02,5145,20.08,16951
2025-07-24T01:38:48.9996237Z,20.01,21699,20.09,1594
2025-07-24T01:38:48.9996237Z,20.00,1372,20.10,3604
2025-07-24T01:38:48.9996237Z,19.99,1181,20.11,1181
2025-07-24T01:38:48.9996237Z,19.98,1016,20.12,1016
2025-07-24T01:38:48.9996237Z,19.97,875,20.13,875
2025-07-24T01:38:48.9996237Z,19.96,753,20.14,753
2025-07-24T01:38:48.9996237Z,19.95,648,20.15,648
                                   
2025-07-24T01:38:49.9996237Z,20.03,2500,20.05,11320
2025-07-24T01:38:49.9996237Z,20.02,2152,20.05,2500
2025-07-24T01:38:49.9996237Z,20.02,1114,20.06,7282
2025-07-24T01:38:49.9996237Z,20.01,1852,20.06,2152
2025-07-24T01:38:49.9996237Z,20.00,1594,20.07,24917
2025-07-24T01:38:49.9996237Z,19.99,1372,20.07,1852
2025-07-24T01:38:49.9996237Z,19.98,1181,20.08,4792
2025-07-24T01:38:49.9996237Z,19.97,1016,20.08,1594
2025-07-24T01:38:49.9996237Z,19.96,875,20.09,1372
2025-07-24T01:38:49.9996237Z,19.95,753,20.10,2846
                                   
2025-07-24T01:38:50.9996237Z,19.99,2500,20.01,1251
2025-07-24T01:38:50.9996237Z,19.99,4101,20.01,2500
2025-07-24T01:38:50.9996237Z,19.98,2152,20.02,8639
2025-07-24T01:38:50.9996237Z,19.97,1852,20.02,2152
2025-07-24T01:38:50.9996237Z,19.96,1594,20.03,3161
2025-07-24T01:38:50.9996237Z,19.95,1372,20.03,1852
2025-07-24T01:38:50.9996237Z,19.94,1181,20.04,6236
2025-07-24T01:38:50.9996237Z,19.93,1016,20.04,1594
2025-07-24T01:38:50.9996237Z,19.92,875,20.05,14578
2025-07-24T01:38:50.9996237Z,19.91,753,20.05,1372
                                   
2025-07-24T01:38:51.9996237Z,19.94,5855,19.96,1908
2025-07-24T01:38:51.9996237Z,19.94,2500,19.96,9856
2025-07-24T01:38:51.9996237Z,19.93,4944,19.97,2152
2025-07-24T01:38:51.9996237Z,19.93,2152,19.97,4152
2025-07-24T01:38:51.9996237Z,19.92,1852,19.98,1852
2025-07-24T01:38:51.9996237Z,19.91,1594,19.98,4140
2025-07-24T01:38:51.9996237Z,19.90,1372,19.99,1594
2025-07-24T01:38:51.9996237Z,19.89,1181,19.99,10184
2025-07-24T01:38:51.9996237Z,19.88,1016,20.00,1894
2025-07-24T01:38:51.9996237Z,19.87,875,20.01,1181
                                   
2025-07-24T01:38:52.9996237Z,19.96,7602,19.97,7354
2025-07-24T01:38:52.9996237Z,19.96,2500,19.98,2500
2025-07-24T01:38:52.9996237Z,19.95,18326,19.98,1104
2025-07-24T01:38:52.9996237Z,19.95,2152,19.99,2152
2025-07-24T01:38:52.9996237Z,19.94,23379,19.99,7702
2025-07-24T01:38:52.9996237Z,19.94,1852,20.00,1852
2025-07-24T01:38:52.9996237Z,19.93,10783,20.00,2730
2025-07-24T01:38:52.9996237Z,19.93,1594,20.01,1594
2025-07-24T01:38:52.9996237Z,19.92,1372,20.01,1251
2025-07-24T01:38:52.9996237Z,19.91,1181,20.02,1372
                                   
2025-07-24T01:38:53.9996237Z,19.97,2382,19.98,9313
2025-07-24T01:38:53.9996237Z,19.97,2500,19.99,2500
2025-07-24T01:38:53.9996237Z,19.96,1129,19.99,27984
2025-07-24T01:38:53.9996237Z,19.96,2152,20.00,2152
2025-07-24T01:38:53.9996237Z,19.95,33678,20.00,3455
2025-07-24T01:38:53.9996237Z,19.95,1852,20.01,1852
2025-07-24T01:38:53.9996237Z,19.94,26255,20.01,1251
2025-07-24T01:38:53.9996237Z,19.94,1594,20.02,1594
2025-07-24T01:38:53.9996237Z,19.93,1372,20.02,1996
2025-07-24T01:38:53.9996237Z,19.92,1181,20.03,1372
                                   
2025-07-24T01:38:54.9996237Z,19.95,5338,19.98,16121
2025-07-24T01:38:54.9996237Z,19.94,44755,19.99,35174
2025-07-24T01:38:54.9996237Z,19.93,4342,20.00,5049
2025-07-24T01:38:54.9996237Z,19.92,1594,20.01,1372
2025-07-24T01:38:54.9996237Z,19.91,1372,20.02,3177
2025-07-24T01:38:54.9996237Z,19.90,1181,20.03,3384
2025-07-24T01:38:54.9996237Z,19.89,1016,20.04,3858
2025-07-24T01:38:54.9996237Z,19.88,875,20.05,1016
2025-07-24T01:38:54.9996237Z,19.87,753,20.06,648
2025-07-24T01:38:54.9996237Z,19.86,648,,
                                   
2025-07-24T01:38:55.9996237Z,19.92,2500,19.94,5725
2025-07-24T01:38:55.9996237Z,19.92,2032,19.94,2500
2025-07-24T01:38:55.9996237Z,19.91,2152,19.95,9369
2025-07-24T01:38:55.9996237Z,19.91,318,19.95,2152
2025-07-24T01:38:55.9996237Z,19.90,1852,19.96,8482
2025-07-24T01:38:55.9996237Z,19.89,1594,19.96,1852
2025-07-24T01:38:55.9996237Z,19.88,1372,19.97,9160
2025-07-24T01:38:55.9996237Z,19.87,1181,19.97,1594
2025-07-24T01:38:55.9996237Z,19.86,1016,19.98,6771
2025-07-24T01:38:55.9996237Z,19.85,875,19.98,1372
                                   
2025-07-24T01:38:56.9996237Z,19.86,1263,19.88,2500
2025-07-24T01:38:56.9996237Z,19.86,2500,19.88,5977
2025-07-24T01:38:56.9996237Z,19.85,2152,19.89,2152
2025-07-24T01:38:56.9996237Z,19.84,1852,19.89,3100
2025-07-24T01:38:56.9996237Z,19.83,1594,19.90,1852
2025-07-24T01:38:56.9996237Z,19.82,1372,19.90,3701
2025-07-24T01:38:56.9996237Z,19.81,1181,19.91,1594
2025-07-24T01:38:56.9996237Z,19.80,1016,19.91,6305
2025-07-24T01:38:56.9996237Z,19.79,875,19.92,1372
2025-07-24T01:38:56.9996237Z,19.78,753,19.92,9277
                                   
2025-07-24T01:38:57.9996237Z,19.78,1013,19.79,2381
2025-07-24T01:38:57.9996237Z,19.78,2500,19.80,2500
2025-07-24T01:38:57.9996237Z,19.77,2152,19.80,6642
2025-07-24T01:38:57.9996237Z,19.76,1852,19.81,2152
2025-07-24T01:38:57.9996237Z,19.75,1594,19.81,7840
2025-07-24T01:38:57.9996237Z,19.74,1372,19.82,1852
2025-07-24T01:38:57.9996237Z,19.73,1181,19.82,460
2025-07-24T01:38:57.9996237Z,19.72,1016,19.83,1594
2025-07-24T01:38:57.9996237Z,19.71,875,19.84,1372
2025-07-24T01:38:57.9996237Z,19.70,753,19.84,107
                                   
2025-07-24T01:38:58.9996237Z,19.74,1779,19.76,2500
2025-07-24T01:38:58.9996237Z,19.74,19726,19.77,2567
2025-07-24T01:38:58.9996237Z,19.73,2152,19.77,2152
2025-07-24T01:38:58.9996237Z,19.73,7269,19.78,6129
2025-07-24T01:38:58.9996237Z,19.72,1852,19.78,1852
2025-07-24T01:38:58.9996237Z,19.71,1594,19.79,416
2025-07-24T01:38:58.9996237Z,19.70,1372,19.79,1594
2025-07-24T01:38:58.9996237Z,19.69,1181,19.80,7033
2025-07-24T01:38:58.9996237Z,19.68,1016,19.80,1372
2025-07-24T01:38:58.9996237Z,19.67,875,19.81,7840
                                   
2025-07-24T01:38:59.9996237Z,19.79,401,19.80,2842
2025-07-24T01:38:59.9996237Z,19.79,2500,19.81,2500
2025-07-24T01:38:59.9996237Z,19.78,4707,19.81,22929
2025-07-24T01:38:59.9996237Z,19.78,2152,19.82,2152
2025-07-24T01:38:59.9996237Z,19.77,2756,19.82,460
2025-07-24T01:38:59.9996237Z,19.77,1852,19.83,1852
2025-07-24T01:38:59.9996237Z,19.76,22374,19.84,1594
2025-07-24T01:38:59.9996237Z,19.76,1594,19.85,1372
2025-07-24T01:38:59.9996237Z,19.75,4369,19.85,1720
2025-07-24T01:38:59.9996237Z,19.75,1372,19.86,1181
                                   
2025-07-24T01:39:00.9996237Z,19.83,3336,19.85,868
2025-07-24T01:39:00.9996237Z,19.83,2500,19.85,1049
2025-07-24T01:39:00.9996237Z,19.82,21311,19.86,2152
2025-07-24T01:39:00.9996237Z,19.82,2152,19.86,3175
2025-07-24T01:39:00.9996237Z,19.81,2432,19.87,1852
2025-07-24T01:39:00.9996237Z,19.81,1852,19.87,2594
2025-07-24T01:39:00.9996237Z,19.80,1594,19.88,1594
2025-07-24T01:39:00.9996237Z,19.79,3249,19.88,1179
2025-07-24T01:39:00.9996237Z,19.79,1372,19.89,1372
2025-07-24T01:39:00.9996237Z,19.78,9957,19.90,1181
                                   
2025-07-24T01:39:01.9996237Z,19.88,1250,19.90,5661
2025-07-24T01:39:01.9996237Z,19.88,2500,19.91,2152
2025-07-24T01:39:01.9996237Z,19.87,4631,19.92,1852
2025-07-24T01:39:01.9996237Z,19.87,2152,19.93,1594
2025-07-24T01:39:01.9996237Z,19.86,1177,19.94,1372
2025-07-24T01:39:01.9996237Z,19.86,1852,19.95,1181
2025-07-24T01:39:01.9996237Z,19.85,7630,19.96,1016
2025-07-24T01:39:01.9996237Z,19.85,1594,19.96,7476
2025-07-24T01:39:01.9996237Z,19.84,1372,19.97,875
2025-07-24T01:39:01.9996237Z,19.83,882,19.98,753
                                   
2025-07-24T01:39:02.9996237Z,19.90,21237,19.91,4332
2025-07-24T01:39:02.9996237Z,19.90,2500,19.92,2500
2025-07-24T01:39:02.9996237Z,19.89,7029,19.93,2152
2025-07-24T01:39:02.9996237Z,19.89,2152,19.94,1852
2025-07-24T01:39:02.9996237Z,19.88,3535,19.95,1594
2025-07-24T01:39:02.9996237Z,19.88,1852,19.96,1372
2025-07-24T01:39:02.9996237Z,19.87,398,19.96,7476
2025-07-24T01:39:02.9996237Z,19.87,1594,19.97,1181
2025-07-24T01:39:02.9996237Z,19.86,2417,19.98,1016
2025-07-24T01:39:02.9996237Z,19.86,1372,19.99,875
                                   
2025-07-24T01:39:03.9996237Z,19.94,1626,19.96,2500
2025-07-24T01:39:03.9996237Z,19.94,2500,19.96,3556
2025-07-24T01:39:03.9996237Z,19.93,2152,19.97,2152
2025-07-24T01:39:03.9996237Z,19.92,6951,19.97,8365
2025-07-24T01:39:03.9996237Z,19.92,1852,19.98,1852
2025-07-24T01:39:03.9996237Z,19.91,230,19.99,1594
2025-07-24T01:39:03.9996237Z,19.91,1594,20.00,1372
2025-07-24T01:39:03.9996237Z,19.90,7813,20.01,1181
2025-07-24T01:39:03.9996237Z,19.90,1372,20.02,1016
2025-07-24T01:39:03.9996237Z,19.89,10153,20.03,875
                                   
2025-07-24T01:39:04.9996237Z,19.97,9887,19.99,11095
2025-07-24T01:39:04.9996237Z,19.96,21248,20.00,2152
2025-07-24T01:39:04.9996237Z,19.95,8622,20.01,1852
2025-07-24T01:39:04.9996237Z,19.94,18155,20.02,1594
2025-07-24T01:39:04.9996237Z,19.93,6591,20.03,1372
2025-07-24T01:39:04.9996237Z,19.92,1938,20.04,1181
2025-07-24T01:39:04.9996237Z,19.91,1246,20.05,1016
2025-07-24T01:39:04.9996237Z,19.90,2446,20.06,875
2025-07-24T01:39:04.9996237Z,19.89,4480,20.07,753
2025-07-24T01:39:04.9996237Z,19.88,2281,20.08,648
                                   
2025-07-24T01:39:05.9996237Z,20.00,1162,20.02,2500
2025-07-24T01:39:05.9996237Z,20.00,2500,20.02,3931
2025-07-24T01:39:05.9996237Z,19.99,1262,20.03,2152
2025-07-24T01:39:05.9996237Z,19.99,2152,20.03,638
2025-07-24T01:39:05.9996237Z,19.98,18185,20.04,1852
2025-07-24T01:39:05.9996237Z,19.98,1852,20.04,484
2025-07-24T01:39:05.9996237Z,19.97,11840,20.05,1594
2025-07-24T01:39:05.9996237Z,19.97,1594,20.06,1372
2025-07-24T01:39:05.9996237Z,19.96,12727,20.07,1181
2025-07-24T01:39:05.9996237Z,19.96,1372,20.08,1016
                                   
2025-07-24T01:39:06.9996237Z,19.97,15588,19.99,3594
2025-07-24T01:39:06.9996237Z,19.96,7416,20.00,4015
2025-07-24T01:39:06.9996237Z,19.95,3073,20.01,6243
2025-07-24T01:39:06.9996237Z,19.94,6622,20.02,13234
2025-07-24T01:39:06.9996237Z,19.93,6591,20.03,1828
2025-07-24T01:39:06.9996237Z,19.92,1181,20.04,1665
2025-07-24T01:39:06.9996237Z,19.91,1246,20.05,1016
2025-07-24T01:39:06.9996237Z,19.90,875,20.06,875
2025-07-24T01:39:06.9996237Z,19.89,4480,20.07,753
2025-07-24T01:39:06.9996237Z,19.88,648,20.08,648
                                   
2025-07-24T01:39:07.9996237Z,19.97,15169,19.99,5051
2025-07-24T01:39:07.9996237Z,19.96,6790,20.00,3211
2025-07-24T01:39:07.9996237Z,19.95,5407,20.01,6807
2025-07-24T01:39:07.9996237Z,19.94,6622,20.02,7005
2025-07-24T01:39:07.9996237Z,19.93,1372,20.03,1372
2025-07-24T01:39:07.9996237Z,19.91,1246,20.04,1181
2025-07-24T01:39:07.9996237Z,19.90,875,20.05,1016
2025-07-24T01:39:07.9996237Z,19.89,3727,20.06,875
2025-07-24T01:39:07.9996237Z,19.88,648,20.07,753
2025-07-24T01:39:07.9996237Z,19.74,451,20.08,648
                                   
2025-07-24T01:39:08.9996237Z,19.99,1174,20.00,47119
2025-07-24T01:39:08.9996237Z,19.99,2500,20.01,2500
2025-07-24T01:39:08.9996237Z,19.98,26534,20.01,4618
2025-07-24T01:39:08.9996237Z,19.98,2152,20.02,2152
2025-07-24T01:39:08.9996237Z,19.97,12803,20.02,4340
2025-07-24T01:39:08.9996237Z,19.97,1852,20.03,1852
2025-07-24T01:39:08.9996237Z,19.96,8018,20.04,1594
2025-07-24T01:39:08.9996237Z,19.96,1594,20.05,1372
2025-07-24T01:39:08.9996237Z,19.95,1722,20.06,1181
2025-07-24T01:39:08.9996237Z,19.95,1372,20.07,1016
                                   
2025-07-24T01:39:09.9996237Z,19.99,26174,20.00,46589
2025-07-24T01:39:09.9996237Z,19.99,2500,20.01,2500
2025-07-24T01:39:09.9996237Z,19.98,33237,20.01,2660
2025-07-24T01:39:09.9996237Z,19.98,2152,20.02,2152
2025-07-24T01:39:09.9996237Z,19.97,28645,20.02,9936
2025-07-24T01:39:09.9996237Z,19.97,1852,20.03,1852
2025-07-24T01:39:09.9996237Z,19.96,2721,20.03,1611
2025-07-24T01:39:09.9996237Z,19.96,1594,20.04,1594
2025-07-24T01:39:09.9996237Z,19.95,1722,20.05,1372
2025-07-24T01:39:09.9996237Z,19.95,1372,20.06,1181
                                   
2025-07-24T01:39:10.9996237Z,19.98,3081,20.00,2500
2025-07-24T01:39:10.9996237Z,19.98,2500,20.00,23419
2025-07-24T01:39:10.9996237Z,19.97,30529,20.01,2152
2025-07-24T01:39:10.9996237Z,19.97,2152,20.01,11193
2025-07-24T01:39:10.9996237Z,19.96,10228,20.02,1852
2025-07-24T01:39:10.9996237Z,19.96,1852,20.02,10078
2025-07-24T01:39:10.9996237Z,19.95,1041,20.03,1594
2025-07-24T01:39:10.9996237Z,19.95,1594,20.03,1611
2025-07-24T01:39:10.9996237Z,19.94,998,20.04,1372
2025-07-24T01:39:10.9996237Z,19.94,1372,20.05,1181
                                   
2025-07-24T01:39:11.9996237Z,19.97,27152,19.99,792
2025-07-24T01:39:11.9996237Z,19.97,2500,19.99,6781
2025-07-24T01:39:11.9996237Z,19.96,10921,20.00,2152
2025-07-24T01:39:11.9996237Z,19.96,2152,20.00,33955
2025-07-24T01:39:11.9996237Z,19.95,4901,20.01,10127
2025-07-24T01:39:11.9996237Z,19.95,1852,20.02,1594
2025-07-24T01:39:11.9996237Z,19.94,998,20.02,6296
2025-07-24T01:39:11.9996237Z,19.94,1594,20.03,1372
2025-07-24T01:39:11.9996237Z,19.93,1372,20.03,976
2025-07-24T01:39:11.9996237Z,19.92,676,20.04,1181
                                   
2025-07-24T01:39:12.9996237Z,19.97,3398,19.98,14097
2025-07-24T01:39:12.9996237Z,19.97,2500,19.99,2500
2025-07-24T01:39:12.9996237Z,19.96,26062,19.99,23128
2025-07-24T01:39:12.9996237Z,19.96,2152,20.00,2152
2025-07-24T01:39:12.9996237Z,19.95,8419,20.00,31259
2025-07-24T01:39:12.9996237Z,19.95,1852,20.01,1852
2025-07-24T01:39:12.9996237Z,19.94,1594,20.01,15612
2025-07-24T01:39:12.9996237Z,19.93,1372,20.02,1594
2025-07-24T01:39:12.9996237Z,19.92,676,20.02,2866
2025-07-24T01:39:12.9996237Z,19.92,1181,20.03,1372
                                   
2025-07-24T01:39:13.9996237Z,19.97,31877,20.00,26482
2025-07-24T01:39:13.9996237Z,19.96,17378,20.01,11999
2025-07-24T01:39:13.9996237Z,19.95,5369,20.02,2673
2025-07-24T01:39:13.9996237Z,19.94,4605,20.03,1372
2025-07-24T01:39:13.9996237Z,19.93,1372,20.04,1181
2025-07-24T01:39:13.9996237Z,19.92,1857,20.05,1016
2025-07-24T01:39:13.9996237Z,19.91,1016,20.06,875
2025-07-24T01:39:13.9996237Z,19.90,875,20.07,753
2025-07-24T01:39:13.9996237Z,19.89,753,20.08,648
2025-07-24T01:39:13.9996237Z,19.88,648,,
                                   
2025-07-24T01:39:14.9996237Z,20.02,2500,20.04,2116
2025-07-24T01:39:14.9996237Z,20.01,2152,20.05,4417
2025-07-24T01:39:14.9996237Z,20.01,6515,20.05,2152
2025-07-24T01:39:14.9996237Z,20.00,1852,20.06,1852
2025-07-24T01:39:14.9996237Z,20.00,1754,20.07,1594
2025-07-24T01:39:14.9996237Z,19.99,1594,20.08,1372
2025-07-24T01:39:14.9996237Z,19.99,2885,20.09,1181
2025-07-24T01:39:14.9996237Z,19.98,1372,20.10,1016
2025-07-24T01:39:14.9996237Z,19.98,2813,20.11,875
2025-07-24T01:39:14.9996237Z,19.97,1181,20.12,753
                                   
2025-07-24T01:39:15.9996237Z,20.11,960,20.13,2247
2025-07-24T01:39:15.9996237Z,20.11,2500,20.14,2152
2025-07-24T01:39:15.9996237Z,20.10,4952,20.14,496
2025-07-24T01:39:15.9996237Z,20.10,2152,20.15,1852
2025-07-24T01:39:15.9996237Z,20.09,1852,20.16,1594
2025-07-24T01:39:15.9996237Z,20.08,1594,20.17,1372
2025-07-24T01:39:15.9996237Z,20.07,10875,20.18,1181
2025-07-24T01:39:15.9996237Z,20.07,1372,20.19,1016
2025-07-24T01:39:15.9996237Z,20.06,11362,20.20,875
2025-07-24T01:39:15.9996237Z,20.06,1181,20.21,753
                                   
2025-07-24T01:39:16.9996237Z,20.11,2460,20.17,2241
2025-07-24T01:39:16.9996237Z,20.11,1181,20.18,2500
2025-07-24T01:39:16.9996237Z,20.10,4952,20.18,957
2025-07-24T01:39:16.9996237Z,20.10,1016,20.19,2152
2025-07-24T01:39:16.9996237Z,20.09,875,20.19,357
2025-07-24T01:39:16.9996237Z,20.08,753,20.20,1852
2025-07-24T01:39:16.9996237Z,20.07,4051,20.20,5408
2025-07-24T01:39:16.9996237Z,20.07,648,20.21,1594
2025-07-24T01:39:16.9996237Z,20.06,10534,20.22,1372
2025-07-24T01:39:16.9996237Z,20.05,5619,20.23,1181
                                   
2025-07-24T01:39:17.9996237Z,20.14,1966,20.16,691
2025-07-24T01:39:17.9996237Z,20.14,4148,20.16,2500
2025-07-24T01:39:17.9996237Z,20.13,2152,20.17,648
2025-07-24T01:39:17.9996237Z,20.13,7178,20.17,2152
2025-07-24T01:39:17.9996237Z,20.12,1852,20.18,3017
2025-07-24T01:39:17.9996237Z,20.11,1594,20.18,1852
2025-07-24T01:39:17.9996237Z,20.11,850,20.19,4728
2025-07-24T01:39:17.9996237Z,20.10,1372,20.19,1594
2025-07-24T01:39:17.9996237Z,20.10,4952,20.20,1678
2025-07-24T01:39:17.9996237Z,20.09,1181,20.20,1372
                                   
2025-07-24T01:39:18.9996237Z,20.06,3694,20.07,2500
2025-07-24T01:39:18.9996237Z,20.05,2500,20.08,2742
2025-07-24T01:39:18.9996237Z,20.05,4683,20.08,2152
2025-07-24T01:39:18.9996237Z,20.04,2152,20.09,1852
2025-07-24T01:39:18.9996237Z,20.03,1852,20.10,1594
2025-07-24T01:39:18.9996237Z,20.02,1594,20.11,1372
2025-07-24T01:39:18.9996237Z,20.01,1372,20.12,1181
2025-07-24T01:39:18.9996237Z,20.00,1181,20.13,1016
2025-07-24T01:39:18.9996237Z,19.99,1016,20.14,875
2025-07-24T01:39:18.9996237Z,19.98,875,20.15,753
                                   
2025-07-24T01:39:19.9996237Z,20.01,2500,20.03,1411
2025-07-24T01:39:19.9996237Z,20.00,2152,20.03,2019
2025-07-24T01:39:19.9996237Z,19.99,27713,20.04,2152
2025-07-24T01:39:19.9996237Z,19.99,1852,20.04,6389
2025-07-24T01:39:19.9996237Z,19.98,1594,20.05,1852
2025-07-24T01:39:19.9996237Z,19.97,1372,20.05,3572
2025-07-24T01:39:19.9996237Z,19.96,1181,20.06,1594
2025-07-24T01:39:19.9996237Z,19.95,1016,20.06,3958
2025-07-24T01:39:19.9996237Z,19.94,875,20.07,1372
2025-07-24T01:39:19.9996237Z,19.93,753,20.07,2621
                                   
2025-07-24T01:39:20.9996237Z,19.97,3475,19.99,769
2025-07-24T01:39:20.9996237Z,19.96,2964,20.00,5849
2025-07-24T01:39:20.9996237Z,19.95,1852,20.01,8626
2025-07-24T01:39:20.9996237Z,19.94,1594,20.02,2702
2025-07-24T01:39:20.9996237Z,19.93,1372,20.03,1654
2025-07-24T01:39:20.9996237Z,19.92,1181,20.04,27939
2025-07-24T01:39:20.9996237Z,19.91,1016,20.05,4122
2025-07-24T01:39:20.9996237Z,19.90,875,20.06,875
2025-07-24T01:39:20.9996237Z,19.89,753,20.07,3374
2025-07-24T01:39:20.9996237Z,19.88,648,20.08,648
                                   
2025-07-24T01:39:21.9996237Z,19.96,63,19.98,2500
2025-07-24T01:39:21.9996237Z,19.95,921,19.98,3010
2025-07-24T01:39:21.9996237Z,19.95,2152,19.99,2152
2025-07-24T01:39:21.9996237Z,19.94,5607,19.99,2559
2025-07-24T01:39:21.9996237Z,19.94,1852,20.00,1852
2025-07-24T01:39:21.9996237Z,19.93,1594,20.00,7028
2025-07-24T01:39:21.9996237Z,19.92,1372,20.01,1594
2025-07-24T01:39:21.9996237Z,19.91,1181,20.01,748
2025-07-24T01:39:21.9996237Z,19.90,1016,20.02,1372
2025-07-24T01:39:21.9996237Z,19.89,875,20.02,1108
                                   
2025-07-24T01:39:22.9996237Z,19.99,3924,20.00,9375
2025-07-24T01:39:22.9996237Z,19.99,2500,20.01,2500
2025-07-24T01:39:22.9996237Z,19.98,6134,20.01,6390
2025-07-24T01:39:22.9996237Z,19.98,2152,20.02,2152
2025-07-24T01:39:22.9996237Z,19.97,13148,20.02,2285
2025-07-24T01:39:22.9996237Z,19.97,1852,20.03,1852
2025-07-24T01:39:22.9996237Z,19.96,2844,20.03,282
2025-07-24T01:39:22.9996237Z,19.96,1594,20.04,1594
2025-07-24T01:39:22.9996237Z,19.95,1449,20.04,371
2025-07-24T01:39:22.9996237Z,19.95,1372,20.05,1372
                                   
2025-07-24T01:39:23.9996237Z,19.96,2500,19.98,151
2025-07-24T01:39:23.9996237Z,19.96,5424,19.98,2500
2025-07-24T01:39:23.9996237Z,19.95,2152,19.99,18323
2025-07-24T01:39:23.9996237Z,19.95,2276,19.99,2152
2025-07-24T01:39:23.9996237Z,19.94,1852,20.00,17716
2025-07-24T01:39:23.9996237Z,19.94,5607,20.00,1852
2025-07-24T01:39:23.9996237Z,19.93,1594,20.01,16549
2025-07-24T01:39:23.9996237Z,19.92,1372,20.01,1594
2025-07-24T01:39:23.9996237Z,19.91,1181,20.02,7115
2025-07-24T01:39:23.9996237Z,19.90,1016,20.02,1372
                                   
2025-07-24T01:39:24.9996237Z,19.95,29819,19.97,17507
2025-07-24T01:39:24.9996237Z,19.94,9364,19.98,12364
2025-07-24T01:39:24.9996237Z,19.93,2599,19.99,6297
2025-07-24T01:39:24.9996237Z,19.92,1594,20.00,18258
2025-07-24T01:39:24.9996237Z,19.91,1372,20.01,16314
2025-07-24T01:39:24.9996237Z,19.90,1181,20.02,8296
2025-07-24T01:39:24.9996237Z,19.89,1016,20.03,1298
2025-07-24T01:39:24.9996237Z,19.88,875,20.04,875
2025-07-24T01:39:24.9996237Z,19.87,753,20.05,2941
2025-07-24T01:39:24.9996237Z,19.86,648,20.06,648
                                   
2025-07-24T01:39:25.9996237Z,19.96,125,19.98,2500
2025-07-24T01:39:25.9996237Z,19.95,12804,19.98,10621
2025-07-24T01:39:25.9996237Z,19.95,2152,19.99,2152
2025-07-24T01:39:25.9996237Z,19.94,9743,19.99,4734
2025-07-24T01:39:25.9996237Z,19.94,1852,20.00,1852
2025-07-24T01:39:25.9996237Z,19.93,1606,20.00,14664
2025-07-24T01:39:25.9996237Z,19.93,1594,20.01,1594
2025-07-24T01:39:25.9996237Z,19.92,1372,20.01,11596
2025-07-24T01:39:25.9996237Z,19.91,1181,20.02,1372
2025-07-24T01:39:25.9996237Z,19.90,1016,20.02,4322
                                   
2025-07-24T01:39:26.9996237Z,19.97,2500,19.99,6056
2025-07-24T01:39:26.9996237Z,19.97,619,19.99,2500
2025-07-24T01:39:26.9996237Z,19.96,2152,20.00,8646
2025-07-24T01:39:26.9996237Z,19.96,1160,20.00,2152
2025-07-24T01:39:26.9996237Z,19.95,1852,20.01,783
2025-07-24T01:39:26.9996237Z,19.95,9645,20.01,1852
2025-07-24T01:39:26.9996237Z,19.94,1594,20.02,636
2025-07-24T01:39:26.9996237Z,19.94,11832,20.02,1594
2025-07-24T01:39:26.9996237Z,19.93,1372,20.03,282
2025-07-24T01:39:26.9996237Z,19.93,312,20.03,1372
                                   
2025-07-24T01:39:27.9996237Z,19.99,1729,20.01,2500
2025-07-24T01:39:27.9996237Z,19.98,28977,20.01,2115
2025-07-24T01:39:27.9996237Z,19.98,2152,20.02,2152
2025-07-24T01:39:27.9996237Z,19.97,3966,20.02,3657
2025-07-24T01:39:27.9996237Z,19.97,1852,20.03,1852
2025-07-24T01:39:27.9996237Z,19.96,7221,20.03,1440
2025-07-24T01:39:27.9996237Z,19.96,1594,20.04,1594
2025-07-24T01:39:27.9996237Z,19.95,6960,20.05,1372
2025-07-24T01:39:27.9996237Z,19.95,1372,20.06,1181
2025-07-24T01:39:27.9996237Z,19.94,7901,20.07,1016
                                   
2025-07-24T01:39:28.9996237Z,20.00,2500,20.02,950
2025-07-24T01:39:28.9996237Z,20.00,1525,20.02,2500
2025-07-24T01:39:28.9996237Z,19.99,2152,20.03,2152
2025-07-24T01:39:28.9996237Z,19.99,3994,20.04,1852
2025-07-24T01:39:28.9996237Z,19.98,1852,20.05,1594
2025-07-24T01:39:28.9996237Z,19.98,11139,20.06,1372
2025-07-24T01:39:28.9996237Z,19.97,1594,20.07,1181
2025-07-24T01:39:28.9996237Z,19.97,4238,20.08,1016
2025-07-24T01:39:28.9996237Z,19.96,1372,20.09,875
2025-07-24T01:39:28.9996237Z,19.96,2489,20.10,753
                                   
2025-07-24T01:39:29.9996237Z,20.08,1911,20.10,2500
2025-07-24T01:39:29.9996237Z,20.08,2500,20.10,2642
2025-07-24T01:39:29.9996237Z,20.07,5116,20.11,2152
2025-07-24T01:39:29.9996237Z,20.07,2152,20.12,1852
2025-07-24T01:39:29.9996237Z,20.06,20809,20.13,1594
2025-07-24T01:39:29.9996237Z,20.06,1852,20.14,1372
2025-07-24T01:39:29.9996237Z,20.05,12691,20.15,1181
2025-07-24T01:39:29.9996237Z,20.05,1594,20.16,1016
2025-07-24T01:39:29.9996237Z,20.04,1464,20.17,875
2025-07-24T01:39:29.9996237Z,20.04,1372,20.18,753
                                   
2025-07-24T01:39:30.9996237Z,20.08,3168,20.09,5599
2025-07-24T01:39:30.9996237Z,20.08,2500,20.10,2500
2025-07-24T01:39:30.9996237Z,20.07,13032,20.10,6183
2025-07-24T01:39:30.9996237Z,20.07,2152,20.11,2152
2025-07-24T01:39:30.9996237Z,20.06,22208,20.11,4097
2025-07-24T01:39:30.9996237Z,20.06,1852,20.12,1852
2025-07-24T01:39:30.9996237Z,20.05,11644,20.12,993
2025-07-24T01:39:30.9996237Z,20.05,1594,20.13,1594
2025-07-24T01:39:30.9996237Z,20.04,1464,20.14,1372
2025-07-24T01:39:30.9996237Z,20.04,1372,20.15,1181
                                   
2025-07-24T01:39:31.9996237Z,20.07,2852,20.09,2500
2025-07-24T01:39:31.9996237Z,20.06,31370,20.10,2152
2025-07-24T01:39:31.9996237Z,20.05,7915,20.11,12899
2025-07-24T01:39:31.9996237Z,20.04,2626,20.12,2587
2025-07-24T01:39:31.9996237Z,20.03,4388,20.13,1372
2025-07-24T01:39:31.9996237Z,20.02,1181,20.14,1181
2025-07-24T01:39:31.9996237Z,20.01,3675,20.15,1016
2025-07-24T01:39:31.9996237Z,20.00,875,20.16,875
2025-07-24T01:39:31.9996237Z,19.99,1767,20.17,753
2025-07-24T01:39:31.9996237Z,19.98,648,20.18,648
                                   
2025-07-24T01:39:32.9996237Z,20.08,4621,20.09,629
2025-07-24T01:39:32.9996237Z,20.08,2500,20.10,2500
2025-07-24T01:39:32.9996237Z,20.07,1839,20.10,4858
2025-07-24T01:39:32.9996237Z,20.07,2152,20.11,2152
2025-07-24T01:39:32.9996237Z,20.06,21490,20.11,3088
2025-07-24T01:39:32.9996237Z,20.06,1852,20.12,1852
2025-07-24T01:39:32.9996237Z,20.05,5814,20.12,993
2025-07-24T01:39:32.9996237Z,20.05,1594,20.13,1594
2025-07-24T01:39:32.9996237Z,20.04,1032,20.14,1372
2025-07-24T01:39:32.9996237Z,20.04,1372,20.15,1181
                                   
2025-07-24T01:39:33.9996237Z,20.10,2767,20.11,416
2025-07-24T01:39:33.9996237Z,20.09,2500,20.11,2500
2025-07-24T01:39:33.9996237Z,20.09,12150,20.12,586
2025-07-24T01:39:33.9996237Z,20.08,2152,20.12,2152
2025-07-24T01:39:33.9996237Z,20.08,1811,20.13,1852
2025-07-24T01:39:33.9996237Z,20.07,1852,20.14,1594
2025-07-24T01:39:33.9996237Z,20.07,9222,20.15,1372
2025-07-24T01:39:33.9996237Z,20.06,1594,20.16,1181
2025-07-24T01:39:33.9996237Z,20.06,3888,20.17,1016
2025-07-24T01:39:33.9996237Z,20.05,1372,20.18,875
                                   
2025-07-24T01:39:34.9996237Z,20.10,23022,20.11,6520
2025-07-24T01:39:34.9996237Z,20.10,2500,20.12,2500
2025-07-24T01:39:34.9996237Z,20.09,6686,20.12,5912
2025-07-24T01:39:34.9996237Z,20.09,2152,20.13,2152
2025-07-24T01:39:34.9996237Z,20.08,5037,20.13,5308
2025-07-24T01:39:34.9996237Z,20.08,1852,20.14,1852
2025-07-24T01:39:34.9996237Z,20.07,8697,20.14,669
2025-07-24T01:39:34.9996237Z,20.07,1594,20.15,1594
2025-07-24T01:39:34.9996237Z,20.06,3888,20.16,1372
2025-07-24T01:39:34.9996237Z,20.06,1372,20.17,1181
                                   
2025-07-24T01:39:35.9996237Z,20.10,2500,20.13,3260
2025-07-24T01:39:35.9996237Z,20.09,2152,20.14,1852
2025-07-24T01:39:35.9996237Z,20.08,1930,20.14,8638
2025-07-24T01:39:35.9996237Z,20.08,1852,20.15,1594
2025-07-24T01:39:35.9996237Z,20.07,9174,20.16,1372
2025-07-24T01:39:35.9996237Z,20.07,1594,20.16,1880
2025-07-24T01:39:35.9996237Z,20.06,2735,20.17,1181
2025-07-24T01:39:35.9996237Z,20.06,1372,20.18,1016
2025-07-24T01:39:35.9996237Z,20.05,1363,20.19,875
2025-07-24T01:39:35.9996237Z,20.05,1181,20.20,753
                                   
2025-07-24T01:39:36.9996237Z,20.08,5910,20.11,2500
2025-07-24T01:39:36.9996237Z,20.07,21120,20.12,26565
2025-07-24T01:39:36.9996237Z,20.06,3236,20.13,7543
2025-07-24T01:39:36.9996237Z,20.05,2735,20.14,12737
2025-07-24T01:39:36.9996237Z,20.04,1181,20.15,1372
2025-07-24T01:39:36.9996237Z,20.03,1016,20.16,3061
2025-07-24T01:39:36.9996237Z,20.02,875,20.17,1016
2025-07-24T01:39:36.9996237Z,20.01,753,20.18,875
2025-07-24T01:39:36.9996237Z,20.00,648,20.19,753
2025-07-24T01:39:36.9996237Z,,,20.20,648
                                   
2025-07-24T01:39:37.9996237Z,20.10,2306,20.12,2500
2025-07-24T01:39:37.9996237Z,20.09,2152,20.12,42348
2025-07-24T01:39:37.9996237Z,20.08,6671,20.13,2152
2025-07-24T01:39:37.9996237Z,20.08,1852,20.13,25616
2025-07-24T01:39:37.9996237Z,20.07,24306,20.14,1852
2025-07-24T01:39:37.9996237Z,20.07,1594,20.14,12124
2025-07-24T01:39:37.9996237Z,20.06,1642,20.15,1594
2025-07-24T01:39:37.9996237Z,20.06,1372,20.15,2464
2025-07-24T01:39:37.9996237Z,20.05,1363,20.16,1372
2025-07-24T01:39:37.9996237Z,20.05,1181,20.16,1880
                                   
2025-07-24T01:39:38.9996237Z,20.10,3582,20.12,2500
2025-07-24T01:39:38.9996237Z,20.10,2500,20.12,30948
2025-07-24T01:39:38.9996237Z,20.09,10163,20.13,2152
2025-07-24T01:39:38.9996237Z,20.09,2152,20.13,28021
2025-07-24T01:39:38.9996237Z,20.08,7737,20.14,1852
2025-07-24T01:39:38.9996237Z,20.08,1852,20.14,7667
2025-07-24T01:39:38.9996237Z,20.07,5549,20.15,1594
2025-07-24T01:39:38.9996237Z,20.07,1594,20.15,1886
2025-07-24T01:39:38.9996237Z,20.06,1642,20.16,1372
2025-07-24T01:39:38.9996237Z,20.06,1372,20.16,1880
                                   
2025-07-24T01:39:39.9996237Z,20.10,5435,20.12,16749
2025-07-24T01:39:39.9996237Z,20.09,20029,20.13,8002
2025-07-24T01:39:39.9996237Z,20.08,12502,20.14,12745
2025-07-24T01:39:39.9996237Z,20.07,7866,20.15,4361
2025-07-24T01:39:39.9996237Z,20.06,5222,20.16,1372
2025-07-24T01:39:39.9996237Z,20.05,1181,20.17,1181
2025-07-24T01:39:39.9996237Z,20.04,1016,20.18,1016
2025-07-24T01:39:39.9996237Z,20.03,875,20.19,875
2025-07-24T01:39:39.9996237Z,20.02,753,20.20,753
2025-07-24T01:39:39.9996237Z,20.01,648,20.21,648
                                   
2025-07-24T01:39:40.9996237Z,20.10,1203,20.12,2500
2025-07-24T01:39:40.9996237Z,20.10,2500,20.12,11562
2025-07-24T01:39:40.9996237Z,20.09,6447,20.13,2152
2025-07-24T01:39:40.9996237Z,20.09,2152,20.13,7438
2025-07-24T01:39:40.9996237Z,20.08,10482,20.14,1852
2025-07-24T01:39:40.9996237Z,20.08,1852,20.14,13316
2025-07-24T01:39:40.9996237Z,20.07,6272,20.15,1594
2025-07-24T01:39:40.9996237Z,20.07,1594,20.15,1886
2025-07-24T01:39:40.9996237Z,20.06,1642,20.16,1372
2025-07-24T01:39:40.9996237Z,20.06,1372,20.17,1181
                                   
2025-07-24T01:39:41.9996237Z,20.13,12450,20.15,2500
2025-07-24T01:39:41.9996237Z,20.13,2500,20.15,4776
2025-07-24T01:39:41.9996237Z,20.12,36176,20.16,2152
2025-07-24T01:39:41.9996237Z,20.12,2152,20.16,4111
2025-07-24T01:39:41.9996237Z,20.11,346,20.17,1852
2025-07-24T01:39:41.9996237Z,20.11,1852,20.18,1594
2025-07-24T01:39:41.9996237Z,20.10,868,20.19,1372
2025-07-24T01:39:41.9996237Z,20.10,1594,20.20,1181
2025-07-24T01:39:41.9996237Z,20.09,825,20.21,1016
2025-07-24T01:39:41.9996237Z,20.09,1372,20.22,875
                                   
2025-07-24T01:39:42.9996237Z,20.19,2500,20.20,1514
2025-07-24T01:39:42.9996237Z,20.19,3469,20.21,2500
2025-07-24T01:39:42.9996237Z,20.18,2152,20.22,2152
2025-07-24T01:39:42.9996237Z,20.17,1852,20.23,1852
2025-07-24T01:39:42.9996237Z,20.17,2226,20.24,1594
2025-07-24T01:39:42.9996237Z,20.16,1594,20.25,1372
2025-07-24T01:39:42.9996237Z,20.16,7120,20.26,1181
2025-07-24T01:39:42.9996237Z,20.15,1372,20.27,1016
2025-07-24T01:39:42.9996237Z,20.15,4168,20.28,875
2025-07-24T01:39:42.9996237Z,20.14,1181,20.29,753
                                   
2025-07-24T01:39:43.9996237Z,20.20,19766,20.21,14278
2025-07-24T01:39:43.9996237Z,20.20,2500,20.22,2500
2025-07-24T01:39:43.9996237Z,20.19,5871,20.22,15859
2025-07-24T01:39:43.9996237Z,20.19,2152,20.23,2152
2025-07-24T01:39:43.9996237Z,20.18,2684,20.24,1852
2025-07-24T01:39:43.9996237Z,20.18,1852,20.24,620
2025-07-24T01:39:43.9996237Z,20.17,3798,20.25,1594
2025-07-24T01:39:43.9996237Z,20.17,1594,20.25,5567
2025-07-24T01:39:43.9996237Z,20.16,6241,20.26,1372
2025-07-24T01:39:43.9996237Z,20.16,1372,20.27,1181
                                   
2025-07-24T01:39:44.9996237Z,20.19,7937,20.20,5999
2025-07-24T01:39:44.9996237Z,20.19,2500,20.21,2500
2025-07-24T01:39:44.9996237Z,20.18,6104,20.21,4827
2025-07-24T01:39:44.9996237Z,20.18,2152,20.22,2152
2025-07-24T01:39:44.9996237Z,20.17,4100,20.22,20671
2025-07-24T01:39:44.9996237Z,20.17,1852,20.23,1852
2025-07-24T01:39:44.9996237Z,20.16,5191,20.23,35428
2025-07-24T01:39:44.9996237Z,20.16,1594,20.24,1594
2025-07-24T01:39:44.9996237Z,20.15,1372,20.25,1372
2025-07-24T01:39:44.9996237Z,20.14,11191,20.26,1181
                                   
2025-07-24T01:39:45.9996237Z,20.21,6635,20.22,2500
2025-07-24T01:39:45.9996237Z,20.20,2500,20.22,9623
2025-07-24T01:39:45.9996237Z,20.19,1439,20.23,2152
2025-07-24T01:39:45.9996237Z,20.19,2152,20.23,36328
2025-07-24T01:39:45.9996237Z,20.18,80471,20.24,1852
2025-07-24T01:39:45.9996237Z,20.18,1852,20.25,1594
2025-07-24T01:39:45.9996237Z,20.17,7448,20.26,1372
2025-07-24T01:39:45.9996237Z,20.17,1594,20.27,1181
2025-07-24T01:39:45.9996237Z,20.16,1494,20.28,1016
2025-07-24T01:39:45.9996237Z,20.16,1372,20.30,753
                                   
2025-07-24T01:39:46.9996237Z,20.19,10811,20.20,1421
2025-07-24T01:39:46.9996237Z,20.19,2500,20.21,2500
2025-07-24T01:39:46.9996237Z,20.18,5743,20.22,2152
2025-07-24T01:39:46.9996237Z,20.18,2152,20.22,347
2025-07-24T01:39:46.9996237Z,20.17,2906,20.23,1852
2025-07-24T01:39:46.9996237Z,20.17,1852,20.23,5826
2025-07-24T01:39:46.9996237Z,20.16,831,20.24,1594
2025-07-24T01:39:46.9996237Z,20.16,1594,20.25,1372
2025-07-24T01:39:46.9996237Z,20.15,1372,20.25,3526
2025-07-24T01:39:46.9996237Z,20.14,8957,20.26,1181
                                   
2025-07-24T01:39:47.9996237Z,20.22,1269,20.23,18888
2025-07-24T01:39:47.9996237Z,20.22,2500,20.24,2500
2025-07-24T01:39:47.9996237Z,20.21,2251,20.24,3011
2025-07-24T01:39:47.9996237Z,20.21,2152,20.25,2152
2025-07-24T01:39:47.9996237Z,20.20,9941,20.25,4055
2025-07-24T01:39:47.9996237Z,20.20,1852,20.26,1852
2025-07-24T01:39:47.9996237Z,20.19,4070,20.27,1594
2025-07-24T01:39:47.9996237Z,20.19,1594,20.28,1372
2025-07-24T01:39:47.9996237Z,20.18,6514,20.29,1181
2025-07-24T01:39:47.9996237Z,20.18,1372,20.30,1016
                                   
2025-07-24T01:39:48.9996237Z,20.22,957,20.23,8520
2025-07-24T01:39:48.9996237Z,20.22,2500,20.24,2500
2025-07-24T01:39:48.9996237Z,20.21,5595,20.24,10884
2025-07-24T01:39:48.9996237Z,20.21,2152,20.25,2152
2025-07-24T01:39:48.9996237Z,20.20,11897,20.25,5681
2025-07-24T01:39:48.9996237Z,20.20,1852,20.26,1852
2025-07-24T01:39:48.9996237Z,20.19,12331,20.28,1372
2025-07-24T01:39:48.9996237Z,20.19,1594,20.29,1181
2025-07-24T01:39:48.9996237Z,20.18,10972,20.30,1016
2025-07-24T01:39:48.9996237Z,20.18,1372,20.31,875
                                   
2025-07-24T01:39:49.9996237Z,20.26,2612,20.27,7199
2025-07-24T01:39:49.9996237Z,20.26,2500,20.28,2500
2025-07-24T01:39:49.9996237Z,20.25,305,20.28,3175
2025-07-24T01:39:49.9996237Z,20.25,2152,20.29,2922
2025-07-24T01:39:49.9996237Z,20.24,1837,20.30,1852
2025-07-24T01:39:49.9996237Z,20.24,1852,20.31,1594
2025-07-24T01:39:49.9996237Z,20.23,1429,20.32,1372
2025-07-24T01:39:49.9996237Z,20.23,1594,20.33,1181
2025-07-24T01:39:49.9996237Z,20.22,1812,20.34,1016
2025-07-24T01:39:49.9996237Z,20.22,1372,20.35,875
                                   
2025-07-24T01:39:50.9996237Z,20.22,665,20.24,2500
2025-07-24T01:39:50.9996237Z,20.22,2500,20.24,13033
2025-07-24T01:39:50.9996237Z,20.21,19423,20.25,2152
2025-07-24T01:39:50.9996237Z,20.21,2152,20.25,10341
2025-07-24T01:39:50.9996237Z,20.20,6467,20.26,1852
2025-07-24T01:39:50.9996237Z,20.20,1852,20.26,2506
2025-07-24T01:39:50.9996237Z,20.19,985,20.27,1594
2025-07-24T01:39:50.9996237Z,20.19,1594,20.27,2881
2025-07-24T01:39:50.9996237Z,20.18,3223,20.28,1372
2025-07-24T01:39:50.9996237Z,20.18,1372,20.28,43
                                   
2025-07-24T01:39:51.9996237Z,20.22,2500,20.24,1759
2025-07-24T01:39:51.9996237Z,20.22,10746,20.24,2500
2025-07-24T01:39:51.9996237Z,20.21,2152,20.25,21771
2025-07-24T01:39:51.9996237Z,20.21,10378,20.25,2152
2025-07-24T01:39:51.9996237Z,20.20,1852,20.26,1276
2025-07-24T01:39:51.9996237Z,20.20,3981,20.26,1852
2025-07-24T01:39:51.9996237Z,20.19,1594,20.27,944
2025-07-24T01:39:51.9996237Z,20.19,42,20.27,1594
2025-07-24T01:39:51.9996237Z,20.18,1372,20.28,43
2025-07-24T01:39:51.9996237Z,20.18,2330,20.28,1372
                                   
2025-07-24T01:39:52.9996237Z,20.22,9148,20.23,242
2025-07-24T01:39:52.9996237Z,20.22,2500,20.24,2500
2025-07-24T01:39:52.9996237Z,20.21,14513,20.24,750
2025-07-24T01:39:52.9996237Z,20.21,2152,20.25,2152
2025-07-24T01:39:52.9996237Z,20.20,3537,20.25,27352
2025-07-24T01:39:52.9996237Z,20.20,1852,20.26,1852
2025-07-24T01:39:52.9996237Z,20.19,2773,20.26,5588
2025-07-24T01:39:52.9996237Z,20.19,1594,20.27,1594
2025-07-24T01:39:52.9996237Z,20.18,2330,20.27,10461
2025-07-24T01:39:52.9996237Z,20.18,1372,20.28,1372
                                   
2025-07-24T01:39:53.9996237Z,20.26,1545,20.27,2676
2025-07-24T01:39:53.9996237Z,20.25,7953,20.28,2481
2025-07-24T01:39:53.9996237Z,20.24,11719,20.29,1852
2025-07-24T01:39:53.9996237Z,20.23,12098,20.30,1594
2025-07-24T01:39:53.9996237Z,20.22,7100,20.31,1372
2025-07-24T01:39:53.9996237Z,20.21,47106,20.32,1181
2025-07-24T01:39:53.9996237Z,20.20,4636,20.33,1016
2025-07-24T01:39:53.9996237Z,20.19,3789,20.34,875
2025-07-24T01:39:53.9996237Z,20.18,3205,20.35,753
2025-07-24T01:39:53.9996237Z,20.17,753,20.36,648
                                   
2025-07-24T01:39:54.9996237Z,20.26,3099,20.28,16119
2025-07-24T01:39:54.9996237Z,20.26,2500,20.29,2152
2025-07-24T01:39:54.9996237Z,20.25,9406,20.29,504
2025-07-24T01:39:54.9996237Z,20.25,2152,20.30,1852
2025-07-24T01:39:54.9996237Z,20.24,11628,20.30,1420
2025-07-24T01:39:54.9996237Z,20.24,1852,20.31,1594
2025-07-24T01:39:54.9996237Z,20.23,9105,20.32,1372
2025-07-24T01:39:54.9996237Z,20.23,1594,20.33,1181
2025-07-24T01:39:54.9996237Z,20.22,5506,20.34,1016
2025-07-24T01:39:54.9996237Z,20.22,1372,20.35,875
                                   
2025-07-24T01:39:55.9996237Z,20.26,3324,20.27,9055
2025-07-24T01:39:55.9996237Z,20.26,2500,20.28,2500
2025-07-24T01:39:55.9996237Z,20.25,7094,20.28,11424
2025-07-24T01:39:55.9996237Z,20.25,2152,20.29,2152
2025-07-24T01:39:55.9996237Z,20.24,23930,20.29,4562
2025-07-24T01:39:55.9996237Z,20.24,1852,20.30,1852
2025-07-24T01:39:55.9996237Z,20.23,2124,20.30,2307
2025-07-24T01:39:55.9996237Z,20.23,1594,20.31,1594
2025-07-24T01:39:55.9996237Z,20.22,5506,20.32,1372
2025-07-24T01:39:55.9996237Z,20.22,1372,20.33,1181
                                   
2025-07-24T01:39:56.9996237Z,20.25,2500,20.28,1960
2025-07-24T01:39:56.9996237Z,20.25,720,20.28,2152
2025-07-24T01:39:56.9996237Z,20.24,2152,20.29,6001
2025-07-24T01:39:56.9996237Z,20.24,3872,20.29,1852
2025-07-24T01:39:56.9996237Z,20.23,1852,20.30,3203
2025-07-24T01:39:56.9996237Z,20.23,11460,20.30,1594
2025-07-24T01:39:56.9996237Z,20.22,1594,20.31,1372
2025-07-24T01:39:56.9996237Z,20.22,8806,20.32,1181
2025-07-24T01:39:56.9996237Z,20.21,1372,20.33,1016
2025-07-24T01:39:56.9996237Z,20.21,3495,20.34,875
                                   
2025-07-24T01:39:57.9996237Z,20.26,1008,20.27,10348
2025-07-24T01:39:57.9996237Z,20.25,6031,20.28,2500
2025-07-24T01:39:57.9996237Z,20.25,2152,20.28,4848
2025-07-24T01:39:57.9996237Z,20.24,2552,20.29,2152
2025-07-24T01:39:57.9996237Z,20.24,1852,20.29,16105
2025-07-24T01:39:57.9996237Z,20.23,13980,20.30,1852
2025-07-24T01:39:57.9996237Z,20.23,1594,20.30,1701
2025-07-24T01:39:57.9996237Z,20.22,1372,20.31,1594
2025-07-24T01:39:57.9996237Z,20.21,1658,20.32,1372
2025-07-24T01:39:57.9996237Z,20.21,1181,20.33,1181
                                   
2025-07-24T01:39:58.9996237Z,20.26,2500,20.28,2419
2025-07-24T01:39:58.9996237Z,20.26,6110,20.28,2500
2025-07-24T01:39:58.9996237Z,20.25,2152,20.29,1859
2025-07-24T01:39:58.9996237Z,20.25,18686,20.29,2152
2025-07-24T01:39:58.9996237Z,20.24,1852,20.30,1852
2025-07-24T01:39:58.9996237Z,20.24,23460,20.31,1594
2025-07-24T01:39:58.9996237Z,20.23,1594,20.32,1372
2025-07-24T01:39:58.9996237Z,20.23,16558,20.33,1181
2025-07-24T01:39:58.9996237Z,20.22,1372,20.34,1016
2025-07-24T01:39:58.9996237Z,20.22,310,20.35,875
                                   
2025-07-24T01:39:59.9996237Z,20.28,159,20.30,2500
2025-07-24T01:39:59.9996237Z,20.28,2500,20.30,9590
2025-07-24T01:39:59.9996237Z,20.27,15545,20.31,2152
2025-07-24T01:39:59.9996237Z,20.27,2152,20.32,1852
2025-07-24T01:39:59.9996237Z,20.26,5554,20.33,1594
2025-07-24T01:39:59.9996237Z,20.26,1852,20.34,1372
2025-07-24T01:39:59.9996237Z,20.25,4087,20.35,1181
2025-07-24T01:39:59.9996237Z,20.25,1594,20.36,1016
2025-07-24T01:39:59.9996237Z,20.24,18843,20.37,875
2025-07-24T01:39:59.9996237Z,20.24,1372,20.38,753
                                   
2025-07-24T01:40:00.9996237Z,20.32,2500,20.35,1178
2025-07-24T01:40:00.9996237Z,20.31,2152,20.36,1852
2025-07-24T01:40:00.9996237Z,20.31,486,20.37,1594
2025-07-24T01:40:00.9996237Z,20.30,1852,20.38,1372
2025-07-24T01:40:00.9996237Z,20.30,572,20.39,1181
2025-07-24T01:40:00.9996237Z,20.29,1594,20.40,1016
2025-07-24T01:40:00.9996237Z,20.29,2815,20.41,875
2025-07-24T01:40:00.9996237Z,20.28,1372,20.42,753
2025-07-24T01:40:00.9996237Z,20.28,3901,20.43,648
2025-07-24T01:40:00.9996237Z,20.27,1181,,
                                   
2025-07-24T01:40:01.9996237Z,20.34,2500,20.36,1582
2025-07-24T01:40:01.9996237Z,20.34,1923,20.37,4206
2025-07-24T01:40:01.9996237Z,20.33,2152,20.37,2152
2025-07-24T01:40:01.9996237Z,20.33,12867,20.38,1852
2025-07-24T01:40:01.9996237Z,20.32,1852,20.39,1594
2025-07-24T01:40:01.9996237Z,20.32,2011,20.40,1372
2025-07-24T01:40:01.9996237Z,20.31,1594,20.41,1181
2025-07-24T01:40:01.9996237Z,20.31,2873,20.42,1016
2025-07-24T01:40:01.9996237Z,20.30,1372,20.43,875
2025-07-24T01:40:01.9996237Z,20.30,572,20.44,753
                                   
2025-07-24T01:40:02.9996237Z,20.33,21488,20.34,1581
2025-07-24T01:40:02.9996237Z,20.33,2500,20.35,2500
2025-07-24T01:40:02.9996237Z,20.32,22184,20.35,10483
2025-07-24T01:40:02.9996237Z,20.32,2152,20.36,2152
2025-07-24T01:40:02.9996237Z,20.31,12312,20.36,16035
2025-07-24T01:40:02.9996237Z,20.31,1852,20.37,1852
2025-07-24T01:40:02.9996237Z,20.30,4251,20.37,5663
2025-07-24T01:40:02.9996237Z,20.30,1594,20.38,1594
2025-07-24T01:40:02.9996237Z,20.29,5046,20.38,2593
2025-07-24T01:40:02.9996237Z,20.29,1372,20.39,1372
                                   
2025-07-24T01:40:03.9996237Z,20.34,7038,20.36,2500
2025-07-24T01:40:03.9996237Z,20.34,2500,20.36,11565
2025-07-24T01:40:03.9996237Z,20.33,15531,20.37,2152
2025-07-24T01:40:03.9996237Z,20.33,2152,20.37,5140
2025-07-24T01:40:03.9996237Z,20.32,16640,20.38,1852
2025-07-24T01:40:03.9996237Z,20.32,1852,20.38,2593
2025-07-24T01:40:03.9996237Z,20.31,5702,20.39,1594
2025-07-24T01:40:03.9996237Z,20.31,1594,20.40,1372
2025-07-24T01:40:03.9996237Z,20.30,2803,20.41,1181
2025-07-24T01:40:03.9996237Z,20.30,1372,20.42,1016
                                   
2025-07-24T01:40:04.9996237Z,20.33,2500,20.35,27706
2025-07-24T01:40:04.9996237Z,20.32,10000,20.36,2152
2025-07-24T01:40:04.9996237Z,20.32,2152,20.36,10880
2025-07-24T01:40:04.9996237Z,20.31,10392,20.37,1852
2025-07-24T01:40:04.9996237Z,20.31,1852,20.37,1046
2025-07-24T01:40:04.9996237Z,20.30,4251,20.38,1594
2025-07-24T01:40:04.9996237Z,20.30,1594,20.38,5668
2025-07-24T01:40:04.9996237Z,20.29,2231,20.39,1372
2025-07-24T01:40:04.9996237Z,20.29,1372,20.40,1181
2025-07-24T01:40:04.9996237Z,20.28,1353,20.41,1016
                                   
2025-07-24T01:40:05.9996237Z,20.34,2435,20.35,8110
2025-07-24T01:40:05.9996237Z,20.34,2500,20.36,2500
2025-07-24T01:40:05.9996237Z,20.33,17647,20.36,15504
2025-07-24T01:40:05.9996237Z,20.33,2152,20.37,2152
2025-07-24T01:40:05.9996237Z,20.32,18822,20.37,1837
2025-07-24T01:40:05.9996237Z,20.32,1852,20.38,1852
2025-07-24T01:40:05.9996237Z,20.31,6914,20.38,2556
2025-07-24T01:40:05.9996237Z,20.31,1594,20.39,1594
2025-07-24T01:40:05.9996237Z,20.30,2231,20.40,1372
2025-07-24T01:40:05.9996237Z,20.30,1372,20.41,1181
                                   
2025-07-24T01:40:06.9996237Z,20.33,12261,20.34,14
2025-07-24T01:40:06.9996237Z,20.33,2500,20.35,2500
2025-07-24T01:40:06.9996237Z,20.32,14925,20.35,17576
2025-07-24T01:40:06.9996237Z,20.32,2152,20.36,2152
2025-07-24T01:40:06.9996237Z,20.31,9995,20.36,19489
2025-07-24T01:40:06.9996237Z,20.31,1852,20.37,1852
2025-07-24T01:40:06.9996237Z,20.30,3679,20.37,3407
2025-07-24T01:40:06.9996237Z,20.30,1594,20.38,1594
2025-07-24T01:40:06.9996237Z,20.29,2231,20.38,3016
2025-07-24T01:40:06.9996237Z,20.29,1372,20.39,1372
                                   
2025-07-24T01:40:07.9996237Z,20.33,18026,20.34,9394
2025-07-24T01:40:07.9996237Z,20.33,2500,20.35,2500
2025-07-24T01:40:07.9996237Z,20.32,38521,20.35,21544
2025-07-24T01:40:07.9996237Z,20.32,2152,20.36,2152
2025-07-24T01:40:07.9996237Z,20.31,9231,20.36,11001
2025-07-24T01:40:07.9996237Z,20.31,1852,20.37,1852
2025-07-24T01:40:07.9996237Z,20.30,377,20.37,4507
2025-07-24T01:40:07.9996237Z,20.30,1594,20.38,1594
2025-07-24T01:40:07.9996237Z,20.29,2730,20.39,1372
2025-07-24T01:40:07.9996237Z,20.29,1372,20.40,1181
                                   
2025-07-24T01:40:08.9996237Z,20.31,17685,20.33,6770
2025-07-24T01:40:08.9996237Z,20.31,2500,20.34,2152
2025-07-24T01:40:08.9996237Z,20.30,16325,20.34,25503
2025-07-24T01:40:08.9996237Z,20.30,2152,20.35,1852
2025-07-24T01:40:08.9996237Z,20.29,3679,20.35,23104
2025-07-24T01:40:08.9996237Z,20.29,1852,20.36,1594
2025-07-24T01:40:08.9996237Z,20.28,2231,20.36,9953
2025-07-24T01:40:08.9996237Z,20.28,1594,20.37,1372
2025-07-24T01:40:08.9996237Z,20.27,1353,20.37,4507
2025-07-24T01:40:08.9996237Z,20.27,1372,20.38,1181
                                   
2025-07-24T01:40:09.9996237Z,20.31,3757,20.33,1730
2025-07-24T01:40:09.9996237Z,20.31,2500,20.33,5371
2025-07-24T01:40:09.9996237Z,20.30,27509,20.34,2152
2025-07-24T01:40:09.9996237Z,20.30,2152,20.34,15825
2025-07-24T01:40:09.9996237Z,20.29,6065,20.35,1852
2025-07-24T01:40:09.9996237Z,20.29,1852,20.35,13623
2025-07-24T01:40:09.9996237Z,20.28,3679,20.36,1594
2025-07-24T01:40:09.9996237Z,20.28,1594,20.36,4291
2025-07-24T01:40:09.9996237Z,20.27,2231,20.37,1372
2025-07-24T01:40:09.9996237Z,20.27,1372,20.37,3897
                                   
2025-07-24T01:40:10.9996237Z,20.31,25405,20.32,999
2025-07-24T01:40:10.9996237Z,20.31,12500,20.33,2500
2025-07-24T01:40:10.9996237Z,20.30,21345,20.33,9297
2025-07-24T01:40:10.9996237Z,20.30,8217,20.34,2152
2025-07-24T01:40:10.9996237Z,20.29,6581,20.34,5475
2025-07-24T01:40:10.9996237Z,20.29,5531,20.35,1852
2025-07-24T01:40:10.9996237Z,20.28,1594,20.35,29593
2025-07-24T01:40:10.9996237Z,20.27,2725,20.36,1594
2025-07-24T01:40:10.9996237Z,20.26,1898,20.36,4842
2025-07-24T01:40:10.9996237Z,20.26,1181,20.37,1372
                                   
2025-07-24T01:40:11.9996237Z,20.34,2685,20.35,5989
2025-07-24T01:40:11.9996237Z,20.33,31885,20.36,7144
2025-07-24T01:40:11.9996237Z,20.32,10000,20.37,3999
2025-07-24T01:40:11.9996237Z,20.32,2437,20.38,1594
2025-07-24T01:40:11.9996237Z,20.31,6065,20.39,1372
2025-07-24T01:40:11.9996237Z,20.31,30119,20.40,1181
2025-07-24T01:40:11.9996237Z,20.30,3679,20.41,1016
2025-07-24T01:40:11.9996237Z,20.30,18710,20.42,875
2025-07-24T01:40:11.9996237Z,20.29,2231,20.43,753
2025-07-24T01:40:11.9996237Z,20.29,1372,20.44,648
                                   
2025-07-24T01:40:12.9996237Z,20.41,394,20.42,18130
2025-07-24T01:40:12.9996237Z,20.41,10000,20.43,2500
2025-07-24T01:40:12.9996237Z,20.41,2500,20.43,40881
2025-07-24T01:40:12.9996237Z,20.40,18383,20.44,2152
2025-07-24T01:40:12.9996237Z,20.40,6065,20.45,1852
2025-07-24T01:40:12.9996237Z,20.40,2152,20.46,1594
2025-07-24T01:40:12.9996237Z,20.39,1537,20.47,1372
2025-07-24T01:40:12.9996237Z,20.39,3679,20.48,1181
2025-07-24T01:40:12.9996237Z,20.39,1852,20.49,1016
2025-07-24T01:40:12.9996237Z,20.38,428,20.50,875
                                   
2025-07-24T01:40:13.9996237Z,20.40,7895,20.42,1987
2025-07-24T01:40:13.9996237Z,20.39,13865,20.43,14051
2025-07-24T01:40:13.9996237Z,20.38,8345,20.44,9058
2025-07-24T01:40:13.9996237Z,20.37,5273,20.45,1594
2025-07-24T01:40:13.9996237Z,20.36,5483,20.46,5294
2025-07-24T01:40:13.9996237Z,20.35,3346,20.47,1181
2025-07-24T01:40:13.9996237Z,20.34,2029,20.48,1016
2025-07-24T01:40:13.9996237Z,20.33,1853,20.49,875
2025-07-24T01:40:13.9996237Z,20.32,1249,20.50,753
2025-07-24T01:40:13.9996237Z,20.31,23482,20.51,648
                                   
2025-07-24T01:40:14.9996237Z,20.41,1521,20.42,499
2025-07-24T01:40:14.9996237Z,20.41,2500,20.43,2500
2025-07-24T01:40:14.9996237Z,20.40,23749,20.43,26785
2025-07-24T01:40:14.9996237Z,20.40,2152,20.44,2152
2025-07-24T01:40:14.9996237Z,20.39,16244,20.44,12065
2025-07-24T01:40:14.9996237Z,20.39,1852,20.45,1852
2025-07-24T01:40:14.9996237Z,20.38,4373,20.46,1594
2025-07-24T01:40:14.9996237Z,20.38,1594,20.46,1306
2025-07-24T01:40:14.9996237Z,20.37,2231,20.47,1372
2025-07-24T01:40:14.9996237Z,20.37,1372,20.48,1181
                                   
2025-07-24T01:40:15.9996237Z,20.41,17273,20.42,3532
2025-07-24T01:40:15.9996237Z,20.41,2500,20.43,2500
2025-07-24T01:40:15.9996237Z,20.40,15144,20.43,15507
2025-07-24T01:40:15.9996237Z,20.40,2152,20.44,2152
2025-07-24T01:40:15.9996237Z,20.39,22255,20.44,11677
2025-07-24T01:40:15.9996237Z,20.39,1852,20.45,1852
2025-07-24T01:40:15.9996237Z,20.38,3679,20.45,3096
2025-07-24T01:40:15.9996237Z,20.38,1594,20.46,1594
2025-07-24T01:40:15.9996237Z,20.37,2231,20.47,1372
2025-07-24T01:40:15.9996237Z,20.37,1372,20.48,1181
                                   
2025-07-24T01:40:16.9996237Z,20.49,941,20.50,2500
2025-07-24T01:40:16.9996237Z,20.48,741,20.51,2152
2025-07-24T01:40:16.9996237Z,20.48,2500,20.52,1852
2025-07-24T01:40:16.9996237Z,20.47,10000,20.53,1594
2025-07-24T01:40:16.9996237Z,20.47,434,20.54,1372
2025-07-24T01:40:16.9996237Z,20.47,2152,20.55,1181
2025-07-24T01:40:16.9996237Z,20.46,6065,20.56,1016
2025-07-24T01:40:16.9996237Z,20.46,7262,20.57,875
2025-07-24T01:40:16.9996237Z,20.46,1852,20.58,753
2025-07-24T01:40:16.9996237Z,20.45,3679,20.59,648
                                   
2025-07-24T01:40:17.9996237Z,20.61,2500,20.63,2500
2025-07-24T01:40:17.9996237Z,20.61,10000,20.64,2152
2025-07-24T01:40:17.9996237Z,20.60,2152,20.65,166
2025-07-24T01:40:17.9996237Z,20.60,6065,20.65,1852
2025-07-24T01:40:17.9996237Z,20.60,11728,20.66,1594
2025-07-24T01:40:17.9996237Z,20.59,1852,20.67,1372
2025-07-24T01:40:17.9996237Z,20.59,3679,20.68,1181
2025-07-24T01:40:17.9996237Z,20.59,6328,20.69,1016
2025-07-24T01:40:17.9996237Z,20.58,1594,20.70,875
2025-07-24T01:40:17.9996237Z,20.58,2231,20.71,753
                                   
2025-07-24T01:40:18.9996237Z,20.71,1882,20.72,9796
2025-07-24T01:40:18.9996237Z,20.71,2500,20.73,2500
2025-07-24T01:40:18.9996237Z,20.70,10000,20.73,1574
2025-07-24T01:40:18.9996237Z,20.70,2804,20.74,2152
2025-07-24T01:40:18.9996237Z,20.70,2152,20.74,1545
2025-07-24T01:40:18.9996237Z,20.69,6065,20.75,1852
2025-07-24T01:40:18.9996237Z,20.69,10178,20.76,1594
2025-07-24T01:40:18.9996237Z,20.69,1852,20.77,1372
2025-07-24T01:40:18.9996237Z,20.68,3679,20.78,1181
2025-07-24T01:40:18.9996237Z,20.68,5350,20.79,1016
                                   
2025-07-24T01:40:19.9996237Z,20.73,2500,20.75,2500
2025-07-24T01:40:19.9996237Z,20.72,10000,20.75,950
2025-07-24T01:40:19.9996237Z,20.72,18066,20.76,2152
2025-07-24T01:40:19.9996237Z,20.72,2152,20.77,1852
2025-07-24T01:40:19.9996237Z,20.71,6065,20.78,1594
2025-07-24T01:40:19.9996237Z,20.71,16962,20.79,1372
2025-07-24T01:40:19.9996237Z,20.71,1852,20.80,1181
2025-07-24T01:40:19.9996237Z,20.70,3679,20.81,1016
2025-07-24T01:40:19.9996237Z,20.70,4594,20.82,875
2025-07-24T01:40:19.9996237Z,20.70,1594,20.83,753
                                   
2025-07-24T01:40:20.9996237Z,20.73,2528,20.74,271
2025-07-24T01:40:20.9996237Z,20.73,2500,20.75,2500
2025-07-24T01:40:20.9996237Z,20.72,38745,20.75,19738
2025-07-24T01:40:20.9996237Z,20.72,2152,20.76,2152
2025-07-24T01:40:20.9996237Z,20.71,24581,20.76,7085
2025-07-24T01:40:20.9996237Z,20.71,1852,20.77,1852
2025-07-24T01:40:20.9996237Z,20.70,6505,20.77,1672
2025-07-24T01:40:20.9996237Z,20.70,1594,20.78,1594
2025-07-24T01:40:20.9996237Z,20.69,10178,20.78,5811
2025-07-24T01:40:20.9996237Z,20.69,1372,20.79,1372
                                   
2025-07-24T01:40:21.9996237Z,20.75,4351,20.77,5725
2025-07-24T01:40:21.9996237Z,20.74,11344,20.78,14644
2025-07-24T01:40:21.9996237Z,20.73,9520,20.79,1852
2025-07-24T01:40:21.9996237Z,20.72,23545,20.80,1594
2025-07-24T01:40:21.9996237Z,20.71,16381,20.81,1372
2025-07-24T01:40:21.9996237Z,20.70,3317,20.82,1181
2025-07-24T01:40:21.9996237Z,20.69,11194,20.83,1016
2025-07-24T01:40:21.9996237Z,20.68,2697,20.84,875
2025-07-24T01:40:21.9996237Z,20.67,753,20.85,753
2025-07-24T01:40:21.9996237Z,20.66,648,20.86,648
                                   
2025-07-24T01:40:22.9996237Z,20.76,5517,20.77,3792
2025-07-24T01:40:22.9996237Z,20.76,2500,20.78,2500
2025-07-24T01:40:22.9996237Z,20.75,17895,20.78,943
2025-07-24T01:40:22.9996237Z,20.75,2152,20.79,2152
2025-07-24T01:40:22.9996237Z,20.74,14630,20.79,12518
2025-07-24T01:40:22.9996237Z,20.74,1852,20.80,1852
2025-07-24T01:40:22.9996237Z,20.73,7482,20.80,1788
2025-07-24T01:40:22.9996237Z,20.73,1594,20.81,1594
2025-07-24T01:40:22.9996237Z,20.72,15941,20.82,1372
2025-07-24T01:40:22.9996237Z,20.72,1372,20.83,1181
                                   
2025-07-24T01:40:23.9996237Z,20.75,8812,20.77,12386
2025-07-24T01:40:23.9996237Z,20.74,25350,20.78,12032
2025-07-24T01:40:23.9996237Z,20.73,11963,20.79,14655
2025-07-24T01:40:23.9996237Z,20.72,15512,20.80,4495
2025-07-24T01:40:23.9996237Z,20.71,4451,20.81,1372
2025-07-24T01:40:23.9996237Z,20.70,2839,20.82,1181
2025-07-24T01:40:23.9996237Z,20.69,1246,20.83,1016
2025-07-24T01:40:23.9996237Z,20.68,875,20.84,875
2025-07-24T01:40:23.9996237Z,20.67,753,20.85,753
2025-07-24T01:40:23.9996237Z,20.66,648,20.86,648
                                   
2025-07-24T01:40:24.9996237Z,20.74,1312,20.75,1571
2025-07-24T01:40:24.9996237Z,20.74,2500,20.76,2500
2025-07-24T01:40:24.9996237Z,20.73,3522,20.76,16438
2025-07-24T01:40:24.9996237Z,20.73,2152,20.77,2152
2025-07-24T01:40:24.9996237Z,20.72,13125,20.77,21967
2025-07-24T01:40:24.9996237Z,20.72,1852,20.78,1852
2025-07-24T01:40:24.9996237Z,20.71,3079,20.78,7056
2025-07-24T01:40:24.9996237Z,20.71,1594,20.79,1594
2025-07-24T01:40:24.9996237Z,20.70,892,20.79,6612
2025-07-24T01:40:24.9996237Z,20.70,1372,20.80,1372
                                   
2025-07-24T01:40:25.9996237Z,20.75,2748,20.77,2500
2025-07-24T01:40:25.9996237Z,20.75,2500,20.77,2326
2025-07-24T01:40:25.9996237Z,20.74,17460,20.78,2152
2025-07-24T01:40:25.9996237Z,20.74,2152,20.78,14122
2025-07-24T01:40:25.9996237Z,20.73,20229,20.79,1852
2025-07-24T01:40:25.9996237Z,20.72,19095,20.79,6612
2025-07-24T01:40:25.9996237Z,20.72,1594,20.80,1594
2025-07-24T01:40:25.9996237Z,20.71,2100,20.80,562
2025-07-24T01:40:25.9996237Z,20.71,1372,20.81,1372
2025-07-24T01:40:25.9996237Z,20.70,892,20.82,1181
                                   
2025-07-24T01:40:26.9996237Z,20.81,8851,20.83,4859
2025-07-24T01:40:26.9996237Z,20.80,3718,20.84,2152
2025-07-24T01:40:26.9996237Z,20.79,5392,20.85,1852
2025-07-24T01:40:26.9996237Z,20.78,3633,20.86,1594
2025-07-24T01:40:26.9996237Z,20.77,1372,20.87,1372
2025-07-24T01:40:26.9996237Z,20.76,1181,20.88,1181
2025-07-24T01:40:26.9996237Z,20.75,7182,20.89,1016
2025-07-24T01:40:26.9996237Z,20.74,3065,20.90,875
2025-07-24T01:40:26.9996237Z,20.73,19362,20.91,753
2025-07-24T01:40:26.9996237Z,20.72,17320,20.92,648
                                   
2025-07-24T01:40:27.9996237Z,20.87,366,20.88,1272
2025-07-24T01:40:27.9996237Z,20.86,2500,20.89,2152
2025-07-24T01:40:27.9996237Z,20.86,1459,20.90,380
2025-07-24T01:40:27.9996237Z,20.85,2152,20.90,1852
2025-07-24T01:40:27.9996237Z,20.85,3550,20.91,1594
2025-07-24T01:40:27.9996237Z,20.84,1852,20.92,1372
2025-07-24T01:40:27.9996237Z,20.84,7366,20.93,1181
2025-07-24T01:40:27.9996237Z,20.83,1594,20.94,1016
2025-07-24T01:40:27.9996237Z,20.83,12173,20.95,875
2025-07-24T01:40:27.9996237Z,20.82,1372,20.96,753
                                   
2025-07-24T01:40:28.9996237Z,20.89,8380,20.91,1924
2025-07-24T01:40:28.9996237Z,20.89,2500,20.91,3320
2025-07-24T01:40:28.9996237Z,20.88,2928,20.92,2152
2025-07-24T01:40:28.9996237Z,20.88,2152,20.93,1852
2025-07-24T01:40:28.9996237Z,20.87,2436,20.93,1886
2025-07-24T01:40:28.9996237Z,20.87,1852,20.94,1594
2025-07-24T01:40:28.9996237Z,20.86,4364,20.95,1372
2025-07-24T01:40:28.9996237Z,20.86,1594,20.96,1181
2025-07-24T01:40:28.9996237Z,20.85,1372,20.97,1016
2025-07-24T01:40:28.9996237Z,20.84,1296,20.98,875
                                   
2025-07-24T01:40:29.9996237Z,20.92,2551,20.93,848
2025-07-24T01:40:29.9996237Z,20.91,2500,20.93,2500
2025-07-24T01:40:29.9996237Z,20.90,2152,20.94,3040
2025-07-24T01:40:29.9996237Z,20.90,19892,20.94,2152
2025-07-24T01:40:29.9996237Z,20.89,1852,20.95,973
2025-07-24T01:40:29.9996237Z,20.89,4709,20.95,1852
2025-07-24T01:40:29.9996237Z,20.88,1594,20.96,1594
2025-07-24T01:40:29.9996237Z,20.88,5943,20.97,1372
2025-07-24T01:40:29.9996237Z,20.87,1372,20.98,1181
2025-07-24T01:40:29.9996237Z,20.87,853,20.99,1016
                                   
2025-07-24T01:40:30.9996237Z,20.95,2500,20.97,2500
2025-07-24T01:40:30.9996237Z,20.94,1274,20.97,3591
2025-07-24T01:40:30.9996237Z,20.94,2152,20.98,2152
2025-07-24T01:40:30.9996237Z,20.93,22434,20.99,1852
2025-07-24T01:40:30.9996237Z,20.93,1852,20.99,462
2025-07-24T01:40:30.9996237Z,20.92,8517,21.00,1594
2025-07-24T01:40:30.9996237Z,20.92,1594,21.01,1372
2025-07-24T01:40:30.9996237Z,20.91,3866,21.02,1181
2025-07-24T01:40:30.9996237Z,20.91,1372,21.03,1016
2025-07-24T01:40:30.9996237Z,20.90,8022,21.04,875
                                   
2025-07-24T01:40:31.9996237Z,20.99,3450,21.00,2143
2025-07-24T01:40:31.9996237Z,20.99,2500,21.01,2500
2025-07-24T01:40:31.9996237Z,20.98,5632,21.01,1103
2025-07-24T01:40:31.9996237Z,20.98,2152,21.02,2152
2025-07-24T01:40:31.9996237Z,20.97,1852,21.03,1852
2025-07-24T01:40:31.9996237Z,20.96,1471,21.04,1594
2025-07-24T01:40:31.9996237Z,20.96,1594,21.05,1372
2025-07-24T01:40:31.9996237Z,20.95,1372,21.06,1181
2025-07-24T01:40:31.9996237Z,20.94,887,21.07,1016
2025-07-24T01:40:31.9996237Z,20.94,1181,21.08,875
                                   
2025-07-24T01:40:32.9996237Z,21.03,2500,21.04,1411
2025-07-24T01:40:32.9996237Z,21.03,3001,21.05,2500
2025-07-24T01:40:32.9996237Z,21.02,2152,21.06,680
2025-07-24T01:40:32.9996237Z,21.02,1871,21.06,2152
2025-07-24T01:40:32.9996237Z,21.01,1664,21.07,1852
2025-07-24T01:40:32.9996237Z,21.00,1594,21.08,1594
2025-07-24T01:40:32.9996237Z,21.00,4555,21.09,1372
2025-07-24T01:40:32.9996237Z,20.99,1372,21.10,1181
2025-07-24T01:40:32.9996237Z,20.99,6077,21.11,1016
2025-07-24T01:40:32.9996237Z,20.98,1181,21.12,875
                                   
2025-07-24T01:40:33.9996237Z,21.02,2500,21.04,3617
2025-07-24T01:40:33.9996237Z,21.01,2152,21.04,2500
2025-07-24T01:40:33.9996237Z,21.00,1852,21.05,22409
2025-07-24T01:40:33.9996237Z,21.00,2084,21.05,2152
2025-07-24T01:40:33.9996237Z,20.99,1594,21.06,5679
2025-07-24T01:40:33.9996237Z,20.99,6077,21.06,1852
2025-07-24T01:40:33.9996237Z,20.98,1372,21.07,4387
2025-07-24T01:40:33.9996237Z,20.98,2688,21.07,1594
2025-07-24T01:40:33.9996237Z,20.97,1181,21.08,2804
2025-07-24T01:40:33.9996237Z,20.96,1016,21.08,1372
                                   
2025-07-24T01:40:34.9996237Z,20.98,1524,21.00,287
2025-07-24T01:40:34.9996237Z,20.98,2152,21.01,2500
2025-07-24T01:40:34.9996237Z,20.97,603,21.01,1903
2025-07-24T01:40:34.9996237Z,20.97,1852,21.02,2152
2025-07-24T01:40:34.9996237Z,20.96,19555,21.02,11106
2025-07-24T01:40:34.9996237Z,20.96,1594,21.03,1852
2025-07-24T01:40:34.9996237Z,20.95,1372,21.03,9323
2025-07-24T01:40:34.9996237Z,20.94,1181,21.04,1594
2025-07-24T01:40:34.9996237Z,20.93,13137,21.04,4426
2025-07-24T01:40:34.9996237Z,20.93,1016,21.05,1372
                                   
2025-07-24T01:40:35.9996237Z,20.96,30848,20.97,2259
2025-07-24T01:40:35.9996237Z,20.96,2500,20.98,2500
2025-07-24T01:40:35.9996237Z,20.95,2152,20.98,39181
2025-07-24T01:40:35.9996237Z,20.94,1852,20.99,2152
2025-07-24T01:40:35.9996237Z,20.93,4222,20.99,27347
2025-07-24T01:40:35.9996237Z,20.93,1594,21.00,1852
2025-07-24T01:40:35.9996237Z,20.92,2273,21.00,2954
2025-07-24T01:40:35.9996237Z,20.92,1372,21.01,1594
2025-07-24T01:40:35.9996237Z,20.91,511,21.01,13205
2025-07-24T01:40:35.9996237Z,20.91,1181,21.02,1372
                                   
2025-07-24T01:40:36.9996237Z,20.95,2233,20.96,357
2025-07-24T01:40:36.9996237Z,20.95,2500,20.97,2500
2025-07-24T01:40:36.9996237Z,20.94,7802,20.97,11530
2025-07-24T01:40:36.9996237Z,20.94,2152,20.98,2152
2025-07-24T01:40:36.9996237Z,20.93,4740,20.98,40242
2025-07-24T01:40:36.9996237Z,20.93,1852,20.99,1852
2025-07-24T01:40:36.9996237Z,20.92,1594,20.99,32823
2025-07-24T01:40:36.9996237Z,20.91,1372,21.00,1594
2025-07-24T01:40:36.9996237Z,20.90,1181,21.00,9257
2025-07-24T01:40:36.9996237Z,20.89,1016,21.01,1372
                                   
2025-07-24T01:40:37.9996237Z,20.89,2500,20.90,1909
2025-07-24T01:40:37.9996237Z,20.88,2152,20.91,2500
2025-07-24T01:40:37.9996237Z,20.87,1852,20.91,482
2025-07-24T01:40:37.9996237Z,20.86,1594,20.92,2152
2025-07-24T01:40:37.9996237Z,20.85,1372,20.92,2931
2025-07-24T01:40:37.9996237Z,20.84,1181,20.93,1852
2025-07-24T01:40:37.9996237Z,20.83,1016,20.94,1594
2025-07-24T01:40:37.9996237Z,20.82,875,20.94,8817
2025-07-24T01:40:37.9996237Z,20.81,753,20.95,1372
2025-07-24T01:40:37.9996237Z,20.80,648,20.95,20610
                                   
2025-07-24T01:40:38.9996237Z,20.82,2500,20.83,2522
2025-07-24T01:40:38.9996237Z,20.81,2152,20.84,2627
2025-07-24T01:40:38.9996237Z,20.80,1852,20.84,2500
2025-07-24T01:40:38.9996237Z,20.79,1594,20.85,779
2025-07-24T01:40:38.9996237Z,20.78,1372,20.85,2152
2025-07-24T01:40:38.9996237Z,20.77,1181,20.86,3764
2025-07-24T01:40:38.9996237Z,20.76,1016,20.86,1852
2025-07-24T01:40:38.9996237Z,20.75,875,20.87,8940
2025-07-24T01:40:38.9996237Z,20.74,753,20.87,1594
2025-07-24T01:40:38.9996237Z,20.73,648,20.88,6797
                                   
2025-07-24T01:40:39.9996237Z,20.79,2078,20.81,2500
2025-07-24T01:40:39.9996237Z,20.78,7987,20.81,127
2025-07-24T01:40:39.9996237Z,20.77,7244,20.82,2152
2025-07-24T01:40:39.9996237Z,20.76,1774,20.82,17659
2025-07-24T01:40:39.9996237Z,,,20.83,1852
2025-07-24T01:40:39.9996237Z,,,20.83,1026
2025-07-24T01:40:39.9996237Z,,,20.84,1594
2025-07-24T01:40:39.9996237Z,,,20.85,1372
2025-07-24T01:40:39.9996237Z,,,20.85,779
2025-07-24T01:40:39.9996237Z,,,20.86,1181
                                   
2025-07-24T01:40:40.9996237Z,20.77,254,20.79,872
2025-07-24T01:40:40.9996237Z,20.77,2500,20.79,20830
2025-07-24T01:40:40.9996237Z,20.76,1221,20.80,2152
2025-07-24T01:40:40.9996237Z,20.76,2152,20.80,9044
2025-07-24T01:40:40.9996237Z,20.75,1852,20.81,1852
2025-07-24T01:40:40.9996237Z,20.74,1594,20.81,10253
2025-07-24T01:40:40.9996237Z,20.73,1372,20.82,1594
2025-07-24T01:40:40.9996237Z,20.72,1181,20.82,18112
2025-07-24T01:40:40.9996237Z,20.71,1016,20.83,1372
2025-07-24T01:40:40.9996237Z,20.70,875,20.83,1557
                                   
2025-07-24T01:40:41.9996237Z,20.69,1707,20.71,2500
2025-07-24T01:40:41.9996237Z,20.68,2152,20.72,1274
2025-07-24T01:40:41.9996237Z,20.68,1270,20.72,2152
2025-07-24T01:40:41.9996237Z,20.67,1852,20.73,1852
2025-07-24T01:40:41.9996237Z,20.66,1594,20.74,1515
2025-07-24T01:40:41.9996237Z,20.65,1372,20.74,1594
2025-07-24T01:40:41.9996237Z,20.64,1181,20.75,3770
2025-07-24T01:40:41.9996237Z,20.63,1016,20.75,1372
2025-07-24T01:40:41.9996237Z,20.62,875,20.76,11727
2025-07-24T01:40:41.9996237Z,20.61,753,20.76,1181
                                   
2025-07-24T01:40:42.9996237Z,20.64,4523,20.66,10954
2025-07-24T01:40:42.9996237Z,20.63,8462,20.67,28686
2025-07-24T01:40:42.9996237Z,20.62,1852,20.68,11791
2025-07-24T01:40:42.9996237Z,20.61,1594,20.69,2345
2025-07-24T01:40:42.9996237Z,20.60,1372,20.70,1850
2025-07-24T01:40:42.9996237Z,20.59,1181,20.71,3306
2025-07-24T01:40:42.9996237Z,20.58,1016,20.72,1016
2025-07-24T01:40:42.9996237Z,20.57,875,20.73,5370
2025-07-24T01:40:42.9996237Z,20.56,753,20.74,2268
2025-07-24T01:40:42.9996237Z,20.55,648,20.75,2729
                                   
2025-07-24T01:40:43.9996237Z,20.56,2500,20.58,1746
2025-07-24T01:40:43.9996237Z,20.56,325,20.58,2500
2025-07-24T01:40:43.9996237Z,20.55,2152,20.59,2152
2025-07-24T01:40:43.9996237Z,20.54,1852,20.60,19480
2025-07-24T01:40:43.9996237Z,20.53,1594,20.60,1852
2025-07-24T01:40:43.9996237Z,20.52,1372,20.61,2663
2025-07-24T01:40:43.9996237Z,20.51,1181,20.61,1594
2025-07-24T01:40:43.9996237Z,20.50,1016,20.62,3999
2025-07-24T01:40:43.9996237Z,20.49,875,20.62,1372
2025-07-24T01:40:43.9996237Z,20.48,753,20.63,13649
                                   
2025-07-24T01:40:44.9996237Z,20.49,17683,20.50,6832
2025-07-24T01:40:44.9996237Z,20.49,2500,20.51,2500
2025-07-24T01:40:44.9996237Z,20.48,1833,20.51,1058
2025-07-24T01:40:44.9996237Z,20.48,2152,20.52,2152
2025-07-24T01:40:44.9996237Z,20.47,1852,20.52,12764
2025-07-24T01:40:44.9996237Z,20.46,1594,20.53,1852
2025-07-24T01:40:44.9996237Z,20.45,1372,20.53,3234
2025-07-24T01:40:44.9996237Z,20.44,1181,20.54,1594
2025-07-24T01:40:44.9996237Z,20.43,1016,20.54,6711
2025-07-24T01:40:44.9996237Z,20.42,875,20.55,1372
                                   
2025-07-24T01:40:45.9996237Z,20.48,15274,20.50,22045
2025-07-24T01:40:45.9996237Z,20.47,3800,20.51,9888
2025-07-24T01:40:45.9996237Z,20.46,2093,20.52,13908
2025-07-24T01:40:45.9996237Z,20.45,3525,20.53,4828
2025-07-24T01:40:45.9996237Z,20.44,1372,20.54,7506
2025-07-24T01:40:45.9996237Z,20.43,1181,20.55,1356
2025-07-24T01:40:45.9996237Z,20.42,1016,20.56,1052
2025-07-24T01:40:45.9996237Z,20.41,875,20.57,9567
2025-07-24T01:40:45.9996237Z,20.40,753,20.58,10535
2025-07-24T01:40:45.9996237Z,20.39,648,20.59,648
                                   
2025-07-24T01:40:46.9996237Z,20.49,1843,20.50,926
2025-07-24T01:40:46.9996237Z,20.49,2500,20.51,2500
2025-07-24T01:40:46.9996237Z,20.48,12979,20.51,10370
2025-07-24T01:40:46.9996237Z,20.48,2152,20.52,2152
2025-07-24T01:40:46.9996237Z,20.47,6886,20.52,7818
2025-07-24T01:40:46.9996237Z,20.47,1852,20.53,1852
2025-07-24T01:40:46.9996237Z,20.46,1594,20.53,803
2025-07-24T01:40:46.9996237Z,20.45,1931,20.54,1594
2025-07-24T01:40:46.9996237Z,20.45,1372,20.54,421
2025-07-24T01:40:46.9996237Z,20.44,1181,20.55,1372
                                   
2025-07-24T01:40:47.9996237Z,20.46,1627,20.47,2014
2025-07-24T01:40:47.9996237Z,20.46,2500,20.48,2500
2025-07-24T01:40:47.9996237Z,20.45,10347,20.48,10995
2025-07-24T01:40:47.9996237Z,20.45,2152,20.49,2152
2025-07-24T01:40:47.9996237Z,20.44,1852,20.49,4573
2025-07-24T01:40:47.9996237Z,20.43,1594,20.50,1852
2025-07-24T01:40:47.9996237Z,20.42,1372,20.50,10354
2025-07-24T01:40:47.9996237Z,20.41,1181,20.51,1594
2025-07-24T01:40:47.9996237Z,20.40,1016,20.51,5920
2025-07-24T01:40:47.9996237Z,20.39,875,20.52,1372
                                   
2025-07-24T01:40:48.9996237Z,20.46,4013,20.48,7157
2025-07-24T01:40:48.9996237Z,20.45,11355,20.49,11479
2025-07-24T01:40:48.9996237Z,20.44,2850,20.50,10876
2025-07-24T01:40:48.9996237Z,20.43,20952,20.51,2485
2025-07-24T01:40:48.9996237Z,20.42,1372,20.52,1511
2025-07-24T01:40:48.9996237Z,20.41,1181,20.53,1181
2025-07-24T01:40:48.9996237Z,20.40,1016,20.54,1016
2025-07-24T01:40:48.9996237Z,20.39,875,20.55,875
2025-07-24T01:40:48.9996237Z,20.38,753,20.56,753
2025-07-24T01:40:48.9996237Z,20.37,648,20.57,648
                                   
2025-07-24T01:40:49.9996237Z,20.48,21133,20.53,1473
2025-07-24T01:40:49.9996237Z,20.48,2500,20.54,1372
2025-07-24T01:40:49.9996237Z,20.47,3887,20.55,1181
2025-07-24T01:40:49.9996237Z,20.47,2152,20.56,1016
2025-07-24T01:40:49.9996237Z,20.46,23526,20.57,875
2025-07-24T01:40:49.9996237Z,20.46,1852,20.58,753
2025-07-24T01:40:49.9996237Z,20.45,8288,20.59,648
2025-07-24T01:40:49.9996237Z,20.45,1594,,
2025-07-24T01:40:49.9996237Z,20.44,849,,
2025-07-24T01:40:49.9996237Z,20.44,1372,,
                                   
2025-07-24T01:40:50.9996237Z,20.50,1380,20.52,2500
2025-07-24T01:40:50.9996237Z,20.50,2500,20.53,2152
2025-07-24T01:40:50.9996237Z,20.49,3309,20.53,4902
2025-07-24T01:40:50.9996237Z,20.49,2152,20.54,1852
2025-07-24T01:40:50.9996237Z,20.48,24495,20.54,9778
2025-07-24T01:40:50.9996237Z,20.48,1852,20.55,1594
2025-07-24T01:40:50.9996237Z,20.47,4153,20.55,5789
2025-07-24T01:40:50.9996237Z,20.47,1594,20.56,1372
2025-07-24T01:40:50.9996237Z,20.46,9869,20.57,1181
2025-07-24T01:40:50.9996237Z,20.46,1372,20.58,1016
                                   
2025-07-24T01:40:51.9996237Z,20.49,2500,20.51,2500
2025-07-24T01:40:51.9996237Z,20.49,18160,20.52,203
2025-07-24T01:40:51.9996237Z,20.48,2152,20.52,2152
2025-07-24T01:40:51.9996237Z,20.48,5847,20.53,4272
2025-07-24T01:40:51.9996237Z,20.47,1852,20.53,1852
2025-07-24T01:40:51.9996237Z,20.47,4153,20.54,3164
2025-07-24T01:40:51.9996237Z,20.46,1594,20.54,1594
2025-07-24T01:40:51.9996237Z,20.46,8962,20.55,9275
2025-07-24T01:40:51.9996237Z,20.45,1372,20.55,1372
2025-07-24T01:40:51.9996237Z,20.45,606,20.56,1681
                                   
2025-07-24T01:40:52.9996237Z,20.53,3005,20.55,9927
2025-07-24T01:40:52.9996237Z,20.52,6272,20.56,11695
2025-07-24T01:40:52.9996237Z,20.51,5476,20.57,2811
2025-07-24T01:40:52.9996237Z,20.50,30610,20.58,1594
2025-07-24T01:40:52.9996237Z,20.49,19677,20.59,1372
2025-07-24T01:40:52.9996237Z,20.48,5118,20.60,1181
2025-07-24T01:40:52.9996237Z,20.47,4903,20.61,1016
2025-07-24T01:40:52.9996237Z,20.46,9430,20.62,875
2025-07-24T01:40:52.9996237Z,20.45,1359,20.63,753
2025-07-24T01:40:52.9996237Z,20.44,648,20.64,648
                                   
2025-07-24T01:40:53.9996237Z,20.53,1266,20.55,2500
2025-07-24T01:40:53.9996237Z,20.53,2500,20.55,964
2025-07-24T01:40:53.9996237Z,20.52,6286,20.56,2152
2025-07-24T01:40:53.9996237Z,20.52,2152,20.56,11899
2025-07-24T01:40:53.9996237Z,20.51,7828,20.57,1852
2025-07-24T01:40:53.9996237Z,20.51,1852,20.57,2293
2025-07-24T01:40:53.9996237Z,20.50,2948,20.58,1594
2025-07-24T01:40:53.9996237Z,20.50,1594,20.59,1372
2025-07-24T01:40:53.9996237Z,20.49,13643,20.60,1181
2025-07-24T01:40:53.9996237Z,20.49,1372,20.61,1016
                                   
2025-07-24T01:40:54.9996237Z,20.55,3734,20.57,3665
2025-07-24T01:40:54.9996237Z,20.55,2500,20.58,2152
2025-07-24T01:40:54.9996237Z,20.54,50132,20.58,2315
2025-07-24T01:40:54.9996237Z,20.54,2152,20.59,1852
2025-07-24T01:40:54.9996237Z,20.53,6424,20.60,1594
2025-07-24T01:40:54.9996237Z,20.53,1852,20.61,1372
2025-07-24T01:40:54.9996237Z,20.52,6286,20.62,1181
2025-07-24T01:40:54.9996237Z,20.52,1594,20.63,1016
2025-07-24T01:40:54.9996237Z,20.51,7131,20.64,875
2025-07-24T01:40:54.9996237Z,20.51,1372,20.65,753
                                   
2025-07-24T01:40:55.9996237Z,20.61,23117,20.62,2797
2025-07-24T01:40:55.9996237Z,20.61,2500,20.63,2500
2025-07-24T01:40:55.9996237Z,20.60,1912,20.63,2574
2025-07-24T01:40:55.9996237Z,20.60,2152,20.64,2152
2025-07-24T01:40:55.9996237Z,20.59,5541,20.64,118
2025-07-24T01:40:55.9996237Z,20.59,1852,20.65,1852
2025-07-24T01:40:55.9996237Z,20.58,13510,20.66,1594
2025-07-24T01:40:55.9996237Z,20.58,1594,20.67,1372
2025-07-24T01:40:55.9996237Z,20.57,3279,20.68,1181
2025-07-24T01:40:55.9996237Z,20.57,1372,20.69,1016
                                   
2025-07-24T01:40:56.9996237Z,20.64,2515,20.66,2500
2025-07-24T01:40:56.9996237Z,20.64,2500,20.66,2129
2025-07-24T01:40:56.9996237Z,20.63,650,20.67,2152
2025-07-24T01:40:56.9996237Z,20.63,2152,20.68,1852
2025-07-24T01:40:56.9996237Z,20.62,10618,20.69,1594
2025-07-24T01:40:56.9996237Z,20.62,1852,20.70,1372
2025-07-24T01:40:56.9996237Z,20.61,4982,20.71,1181
2025-07-24T01:40:56.9996237Z,20.61,1594,20.72,1016
2025-07-24T01:40:56.9996237Z,20.60,5397,20.73,875
2025-07-24T01:40:56.9996237Z,20.60,1372,20.74,753
                                   
2025-07-24T01:40:57.9996237Z,20.66,560,20.67,14631
2025-07-24T01:40:57.9996237Z,20.65,2500,20.67,2500
2025-07-24T01:40:57.9996237Z,20.64,2152,20.68,2152
2025-07-24T01:40:57.9996237Z,20.64,210,20.69,1852
2025-07-24T01:40:57.9996237Z,20.63,1852,20.70,1594
2025-07-24T01:40:57.9996237Z,20.63,7099,20.71,1372
2025-07-24T01:40:57.9996237Z,20.62,1594,20.72,1181
2025-07-24T01:40:57.9996237Z,20.62,2039,20.73,1016
2025-07-24T01:40:57.9996237Z,20.61,1372,20.74,875
2025-07-24T01:40:57.9996237Z,20.61,8035,20.75,753
                                   
2025-07-24T01:40:58.9996237Z,20.67,2500,20.69,142
2025-07-24T01:40:58.9996237Z,20.67,871,20.70,2152
2025-07-24T01:40:58.9996237Z,20.66,2152,20.71,1852
2025-07-24T01:40:58.9996237Z,20.66,3703,20.72,1594
2025-07-24T01:40:58.9996237Z,20.65,1852,20.73,1372
2025-07-24T01:40:58.9996237Z,20.65,10515,20.74,1181
2025-07-24T01:40:58.9996237Z,20.64,1594,20.75,1016
2025-07-24T01:40:58.9996237Z,20.64,62371,20.76,875
2025-07-24T01:40:58.9996237Z,20.63,1372,20.77,753
2025-07-24T01:40:58.9996237Z,20.63,11229,20.78,648
                                   
2025-07-24T01:40:59.9996237Z,20.76,2500,20.78,10547
2025-07-24T01:40:59.9996237Z,20.76,21529,20.78,2500
2025-07-24T01:40:59.9996237Z,20.75,2152,20.79,989
2025-07-24T01:40:59.9996237Z,20.75,1847,20.79,2152
2025-07-24T01:40:59.9996237Z,20.74,1852,20.80,1852
2025-07-24T01:40:59.9996237Z,20.74,2132,20.81,1594
2025-07-24T01:40:59.9996237Z,20.73,1594,20.82,1372
2025-07-24T01:40:59.9996237Z,20.72,1372,20.83,1181
2025-07-24T01:40:59.9996237Z,20.71,1181,20.84,1016
2025-07-24T01:40:59.9996237Z,20.70,1016,20.85,875
                                   
2025-07-24T01:41:00.9996237Z,20.83,23280,20.84,187
2025-07-24T01:41:00.9996237Z,20.83,2500,20.85,2500
2025-07-24T01:41:00.9996237Z,20.82,15086,20.86,2152
2025-07-24T01:41:00.9996237Z,20.82,2152,20.87,1852
2025-07-24T01:41:00.9996237Z,20.81,1852,20.88,1594
2025-07-24T01:41:00.9996237Z,20.80,1594,20.89,1372
2025-07-24T01:41:00.9996237Z,20.79,1469,20.90,1181
2025-07-24T01:41:00.9996237Z,20.79,1372,20.91,1016
2025-07-24T01:41:00.9996237Z,20.78,276,20.92,875
2025-07-24T01:41:00.9996237Z,20.78,1181,20.93,753
                                   
2025-07-24T01:41:01.9996237Z,20.85,45671,20.86,3567
2025-07-24T01:41:01.9996237Z,20.85,2500,20.87,2500
2025-07-24T01:41:01.9996237Z,20.84,6587,20.88,2152
2025-07-24T01:41:01.9996237Z,20.84,2152,20.88,6826
2025-07-24T01:41:01.9996237Z,20.83,3194,20.89,1852
2025-07-24T01:41:01.9996237Z,20.83,1852,20.89,5969
2025-07-24T01:41:01.9996237Z,20.82,15324,20.90,1594
2025-07-24T01:41:01.9996237Z,20.82,1594,20.91,1372
2025-07-24T01:41:01.9996237Z,20.81,10325,20.92,1181
2025-07-24T01:41:01.9996237Z,20.81,1372,20.93,1016
                                   
2025-07-24T01:41:02.9996237Z,20.86,2500,20.89,1564
2025-07-24T01:41:02.9996237Z,20.85,5775,20.89,21431
2025-07-24T01:41:02.9996237Z,20.85,2152,20.90,1852
2025-07-24T01:41:02.9996237Z,20.84,10000,20.90,1779
2025-07-24T01:41:02.9996237Z,20.84,10805,20.91,1594
2025-07-24T01:41:02.9996237Z,20.84,1852,20.91,1428
2025-07-24T01:41:02.9996237Z,20.83,6065,20.92,1372
2025-07-24T01:41:02.9996237Z,20.83,3194,20.93,1181
2025-07-24T01:41:02.9996237Z,20.83,1594,20.94,1016
2025-07-24T01:41:02.9996237Z,20.82,3679,20.95,875
                                   
2025-07-24T01:41:03.9996237Z,20.85,2340,20.87,2228
2025-07-24T01:41:03.9996237Z,20.85,2500,20.87,3484
2025-07-24T01:41:03.9996237Z,20.84,27915,20.88,2152
2025-07-24T01:41:03.9996237Z,20.84,2152,20.88,13104
2025-07-24T01:41:03.9996237Z,20.83,7282,20.89,1852
2025-07-24T01:41:03.9996237Z,20.83,1852,20.89,18480
2025-07-24T01:41:03.9996237Z,20.82,6505,20.90,1594
2025-07-24T01:41:03.9996237Z,20.82,1594,20.90,2886
2025-07-24T01:41:03.9996237Z,20.81,5670,20.91,1372
2025-07-24T01:41:03.9996237Z,20.81,1372,20.91,1428
                                   
2025-07-24T01:41:04.9996237Z,20.86,5126,20.88,2500
2025-07-24T01:41:04.9996237Z,20.86,2500,20.88,7449
2025-07-24T01:41:04.9996237Z,20.85,16175,20.89,2152
2025-07-24T01:41:04.9996237Z,20.85,2152,20.89,16511
2025-07-24T01:41:04.9996237Z,20.84,27768,20.90,1852
2025-07-24T01:41:04.9996237Z,20.84,1852,20.90,5230
2025-07-24T01:41:04.9996237Z,20.83,5402,20.91,1594
2025-07-24T01:41:04.9996237Z,20.83,1594,20.91,1428
2025-07-24T01:41:04.9996237Z,20.82,3384,20.92,1372
2025-07-24T01:41:04.9996237Z,20.82,1372,20.93,1181
                                   
2025-07-24T01:41:05.9996237Z,20.86,1595,20.87,100
2025-07-24T01:41:05.9996237Z,20.86,2500,20.88,2500
2025-07-24T01:41:05.9996237Z,20.85,27124,20.88,15926
2025-07-24T01:41:05.9996237Z,20.85,2152,20.89,2152
2025-07-24T01:41:05.9996237Z,20.84,21855,20.89,6395
2025-07-24T01:41:05.9996237Z,20.84,1852,20.90,1852
2025-07-24T01:41:05.9996237Z,20.83,6659,20.90,3685
2025-07-24T01:41:05.9996237Z,20.83,1594,20.91,1594
2025-07-24T01:41:05.9996237Z,20.82,3384,20.92,1372
2025-07-24T01:41:05.9996237Z,20.82,1372,20.93,1181
                                   
2025-07-24T01:41:06.9996237Z,20.86,2346,20.87,18738
2025-07-24T01:41:06.9996237Z,20.85,13132,20.88,24735
2025-07-24T01:41:06.9996237Z,20.84,45882,20.89,17136
2025-07-24T01:41:06.9996237Z,20.83,8790,20.90,6011
2025-07-24T01:41:06.9996237Z,20.82,6426,20.91,1372
2025-07-24T01:41:06.9996237Z,20.81,3603,20.92,1181
2025-07-24T01:41:06.9996237Z,20.80,1181,20.93,1016
2025-07-24T01:41:06.9996237Z,20.79,1016,20.94,875
2025-07-24T01:41:06.9996237Z,20.78,875,20.95,753
2025-07-24T01:41:06.9996237Z,20.77,2262,20.96,648
                                   
2025-07-24T01:41:07.9996237Z,20.86,7789,20.87,607
2025-07-24T01:41:07.9996237Z,20.86,2500,20.88,2500
2025-07-24T01:41:07.9996237Z,20.85,15263,20.88,8747
2025-07-24T01:41:07.9996237Z,20.85,2152,20.89,2152
2025-07-24T01:41:07.9996237Z,20.84,20092,20.89,18483
2025-07-24T01:41:07.9996237Z,20.84,1852,20.90,1852
2025-07-24T01:41:07.9996237Z,20.83,873,20.90,1068
2025-07-24T01:41:07.9996237Z,20.83,1594,20.91,1594
2025-07-24T01:41:07.9996237Z,20.82,3384,20.92,1372
2025-07-24T01:41:07.9996237Z,20.82,1372,20.93,1181
                                   
2025-07-24T01:41:08.9996237Z,20.86,4287,20.87,3762
2025-07-24T01:41:08.9996237Z,20.86,2500,20.88,2500
2025-07-24T01:41:08.9996237Z,20.85,30570,20.88,3512
2025-07-24T01:41:08.9996237Z,20.85,2152,20.89,2152
2025-07-24T01:41:08.9996237Z,20.84,14027,20.89,24406
2025-07-24T01:41:08.9996237Z,20.84,1852,20.90,1852
2025-07-24T01:41:08.9996237Z,20.83,265,20.90,834
2025-07-24T01:41:08.9996237Z,20.83,1594,20.91,1594
2025-07-24T01:41:08.9996237Z,20.82,3384,20.92,1372
2025-07-24T01:41:08.9996237Z,20.82,1372,20.93,1181
                                   
2025-07-24T01:41:09.9996237Z,20.85,16387,20.87,4108
2025-07-24T01:41:09.9996237Z,20.84,24778,20.88,14049
2025-07-24T01:41:09.9996237Z,20.83,11663,20.89,35088
2025-07-24T01:41:09.9996237Z,20.82,7501,20.90,3872
2025-07-24T01:41:09.9996237Z,20.81,3603,20.91,1372
2025-07-24T01:41:09.9996237Z,20.80,2534,20.92,1181
2025-07-24T01:41:09.9996237Z,20.79,1016,20.93,1016
2025-07-24T01:41:09.9996237Z,20.78,875,20.94,875
2025-07-24T01:41:09.9996237Z,20.77,753,20.95,753
2025-07-24T01:41:09.9996237Z,20.76,1045,20.96,648
                                   
2025-07-24T01:41:10.9996237Z,20.86,2500,20.88,6338
2025-07-24T01:41:10.9996237Z,20.86,49423,20.88,2500
2025-07-24T01:41:10.9996237Z,20.85,2152,20.89,20200
2025-07-24T01:41:10.9996237Z,20.85,26631,20.89,2152
2025-07-24T01:41:10.9996237Z,20.84,1852,20.90,10217
2025-07-24T01:41:10.9996237Z,20.84,8731,20.90,1852
2025-07-24T01:41:10.9996237Z,20.83,1594,20.91,523
2025-07-24T01:41:10.9996237Z,20.83,2231,20.91,1594
2025-07-24T01:41:10.9996237Z,20.82,1372,20.92,1372
2025-07-24T01:41:10.9996237Z,20.81,1181,20.93,1181
                                   
2025-07-24T01:41:11.9996237Z,20.94,263,20.96,2500
2025-07-24T01:41:11.9996237Z,20.93,15986,20.96,3131
2025-07-24T01:41:11.9996237Z,20.93,2152,20.97,2152
2025-07-24T01:41:11.9996237Z,20.92,33723,20.97,964
2025-07-24T01:41:11.9996237Z,20.92,1852,20.98,1852
2025-07-24T01:41:11.9996237Z,20.91,16138,20.99,1594
2025-07-24T01:41:11.9996237Z,20.91,1594,21.00,1372
2025-07-24T01:41:11.9996237Z,20.90,2231,21.01,1181
2025-07-24T01:41:11.9996237Z,20.90,1372,21.02,1016
2025-07-24T01:41:11.9996237Z,20.89,9896,21.03,875
                                   
2025-07-24T01:41:12.9996237Z,21.04,2500,21.06,2500
2025-07-24T01:41:12.9996237Z,21.03,958,21.06,7853
2025-07-24T01:41:12.9996237Z,21.03,2152,21.07,2152
2025-07-24T01:41:12.9996237Z,21.02,11482,21.07,993
2025-07-24T01:41:12.9996237Z,21.02,1852,21.08,1852
2025-07-24T01:41:12.9996237Z,21.01,1328,21.09,1594
2025-07-24T01:41:12.9996237Z,21.01,1594,21.10,1372
2025-07-24T01:41:12.9996237Z,21.00,6758,21.11,1181
2025-07-24T01:41:12.9996237Z,21.00,1372,21.12,1016
2025-07-24T01:41:12.9996237Z,20.99,5528,21.13,875
                                   
2025-07-24T01:41:13.9996237Z,21.16,10448,21.17,5915
2025-07-24T01:41:13.9996237Z,21.16,2500,21.18,2500
2025-07-24T01:41:13.9996237Z,21.15,10000,21.19,2152
2025-07-24T01:41:13.9996237Z,21.15,5702,21.19,50
2025-07-24T01:41:13.9996237Z,21.15,2152,21.20,1852
2025-07-24T01:41:13.9996237Z,21.14,6065,21.21,1594
2025-07-24T01:41:13.9996237Z,21.14,3235,21.22,1372
2025-07-24T01:41:13.9996237Z,21.14,1852,21.23,1181
2025-07-24T01:41:13.9996237Z,21.13,3679,21.24,1016
2025-07-24T01:41:13.9996237Z,21.13,14469,21.25,875
                                   
2025-07-24T01:41:14.9996237Z,21.25,1090,21.27,2500
2025-07-24T01:41:14.9996237Z,21.25,2500,21.27,732
2025-07-24T01:41:14.9996237Z,21.24,23030,21.28,2152
2025-07-24T01:41:14.9996237Z,21.24,2152,21.29,1852
2025-07-24T01:41:14.9996237Z,21.23,6065,21.30,1594
2025-07-24T01:41:14.9996237Z,21.23,1852,21.31,1372
2025-07-24T01:41:14.9996237Z,21.22,8662,21.32,1181
2025-07-24T01:41:14.9996237Z,21.22,1594,21.33,1016
2025-07-24T01:41:14.9996237Z,21.21,3226,21.34,875
2025-07-24T01:41:14.9996237Z,21.21,1372,21.35,753
                                   
2025-07-24T01:41:15.9996237Z,21.32,15310,21.33,348
2025-07-24T01:41:15.9996237Z,21.32,2500,21.34,2500
2025-07-24T01:41:15.9996237Z,21.31,10000,21.34,402
2025-07-24T01:41:15.9996237Z,21.31,2152,21.35,2152
2025-07-24T01:41:15.9996237Z,21.30,7157,21.36,1852
2025-07-24T01:41:15.9996237Z,21.30,1852,21.37,1594
2025-07-24T01:41:15.9996237Z,21.29,9753,21.38,1372
2025-07-24T01:41:15.9996237Z,21.29,1594,21.39,1181
2025-07-24T01:41:15.9996237Z,21.28,16595,21.40,1016
2025-07-24T01:41:15.9996237Z,21.28,1372,21.41,875
                                   
2025-07-24T01:41:16.9996237Z,21.34,1684,21.35,807
2025-07-24T01:41:16.9996237Z,21.34,2500,21.36,2500
2025-07-24T01:41:16.9996237Z,21.33,11636,21.36,1463
2025-07-24T01:41:16.9996237Z,21.33,2152,21.37,2152
2025-07-24T01:41:16.9996237Z,21.32,19195,21.38,1852
2025-07-24T01:41:16.9996237Z,21.32,1852,21.39,1594
2025-07-24T01:41:16.9996237Z,21.31,23096,21.40,1372
2025-07-24T01:41:16.9996237Z,21.31,1594,21.41,1181
2025-07-24T01:41:16.9996237Z,21.30,3458,21.42,1016
2025-07-24T01:41:16.9996237Z,21.30,1372,21.43,875
                                   
2025-07-24T01:41:17.9996237Z,21.35,679,21.37,2500
2025-07-24T01:41:17.9996237Z,21.35,2500,21.37,4625
2025-07-24T01:41:17.9996237Z,21.34,10000,21.38,2152
2025-07-24T01:41:17.9996237Z,21.34,18412,21.39,1852
2025-07-24T01:41:17.9996237Z,21.34,2152,21.39,2629
2025-07-24T01:41:17.9996237Z,21.33,6065,21.40,1594
2025-07-24T01:41:17.9996237Z,21.33,7061,21.41,1372
2025-07-24T01:41:17.9996237Z,21.33,1852,21.42,1181
2025-07-24T01:41:17.9996237Z,21.32,3679,21.43,1016
2025-07-24T01:41:17.9996237Z,21.32,12772,21.44,875
                                   
2025-07-24T01:41:18.9996237Z,21.49,2845,21.51,2500
2025-07-24T01:41:18.9996237Z,21.49,2500,21.51,5024
2025-07-24T01:41:18.9996237Z,21.48,10000,21.52,2152
2025-07-24T01:41:18.9996237Z,21.48,6446,21.53,1852
2025-07-24T01:41:18.9996237Z,21.48,2152,21.54,1594
2025-07-24T01:41:18.9996237Z,21.47,6065,21.55,1372
2025-07-24T01:41:18.9996237Z,21.47,2308,21.56,1181
2025-07-24T01:41:18.9996237Z,21.47,1852,21.57,1016
2025-07-24T01:41:18.9996237Z,21.46,3679,21.58,875
2025-07-24T01:41:18.9996237Z,21.46,7333,21.59,753
                                   
2025-07-24T01:41:19.9996237Z,21.50,22816,21.52,1733
2025-07-24T01:41:19.9996237Z,21.50,2500,21.52,3138
2025-07-24T01:41:19.9996237Z,21.49,23798,21.53,2152
2025-07-24T01:41:19.9996237Z,21.49,2152,21.53,14766
2025-07-24T01:41:19.9996237Z,21.48,13940,21.54,1852
2025-07-24T01:41:19.9996237Z,21.48,1852,21.55,1594
2025-07-24T01:41:19.9996237Z,21.47,3760,21.56,1372
2025-07-24T01:41:19.9996237Z,21.47,1594,21.57,1181
2025-07-24T01:41:19.9996237Z,21.46,11165,21.58,1016
2025-07-24T01:41:19.9996237Z,21.46,1372,21.59,875
                                   
2025-07-24T01:41:20.9996237Z,21.53,1957,21.55,1914
2025-07-24T01:41:20.9996237Z,21.53,2500,21.55,3660
2025-07-24T01:41:20.9996237Z,21.52,19354,21.56,2152
2025-07-24T01:41:20.9996237Z,21.52,2152,21.56,1572
2025-07-24T01:41:20.9996237Z,21.51,19227,21.57,1852
2025-07-24T01:41:20.9996237Z,21.51,1852,21.58,1594
2025-07-24T01:41:20.9996237Z,21.50,26275,21.59,1372
2025-07-24T01:41:20.9996237Z,21.50,1594,21.60,1181
2025-07-24T01:41:20.9996237Z,21.49,8051,21.61,1016
2025-07-24T01:41:20.9996237Z,21.49,1372,21.62,875
                                   
2025-07-24T01:41:21.9996237Z,21.59,2500,21.61,2500
2025-07-24T01:41:21.9996237Z,21.59,12989,21.62,1457
2025-07-24T01:41:21.9996237Z,21.58,2152,21.62,2152
2025-07-24T01:41:21.9996237Z,21.58,12982,21.63,1852
2025-07-24T01:41:21.9996237Z,21.57,1852,21.64,1594
2025-07-24T01:41:21.9996237Z,21.57,4131,21.65,1372
2025-07-24T01:41:21.9996237Z,21.56,1594,21.66,1181
2025-07-24T01:41:21.9996237Z,21.56,10664,21.67,1016
2025-07-24T01:41:21.9996237Z,21.55,1372,21.68,875
2025-07-24T01:41:21.9996237Z,21.55,22542,21.69,753
                                   
2025-07-24T01:41:22.9996237Z,21.66,13031,21.67,5725
2025-07-24T01:41:22.9996237Z,21.66,2500,21.68,2500
2025-07-24T01:41:22.9996237Z,21.65,1491,21.68,800
2025-07-24T01:41:22.9996237Z,21.65,2152,21.69,2152
2025-07-24T01:41:22.9996237Z,21.64,1332,21.69,748
2025-07-24T01:41:22.9996237Z,21.64,1852,21.70,1852
2025-07-24T01:41:22.9996237Z,21.63,1201,21.71,1594
2025-07-24T01:41:22.9996237Z,21.63,1594,21.72,1372
2025-07-24T01:41:22.9996237Z,21.62,2770,21.73,1181
2025-07-24T01:41:22.9996237Z,21.62,1372,21.74,1016
                                   
2025-07-24T01:41:23.9996237Z,21.76,20402,21.77,1441
2025-07-24T01:41:23.9996237Z,21.76,2500,21.78,2500
2025-07-24T01:41:23.9996237Z,21.75,861,21.78,4408
2025-07-24T01:41:23.9996237Z,21.75,2152,21.79,2152
2025-07-24T01:41:23.9996237Z,21.74,11648,21.79,2667
2025-07-24T01:41:23.9996237Z,21.74,1852,21.80,1852
2025-07-24T01:41:23.9996237Z,21.73,2105,21.81,1594
2025-07-24T01:41:23.9996237Z,21.73,1594,21.82,1372
2025-07-24T01:41:23.9996237Z,21.72,1372,21.83,1181
2025-07-24T01:41:23.9996237Z,21.71,5720,21.84,1016
                                   
2025-07-24T01:41:24.9996237Z,21.91,2053,21.92,10417
2025-07-24T01:41:24.9996237Z,21.91,2500,21.93,2500
2025-07-24T01:41:24.9996237Z,21.90,3411,21.94,2152
2025-07-24T01:41:24.9996237Z,21.90,2152,21.95,1852
2025-07-24T01:41:24.9996237Z,21.89,1852,21.96,1594
2025-07-24T01:41:24.9996237Z,21.88,3076,21.97,1372
2025-07-24T01:41:24.9996237Z,21.88,1594,21.98,1181
2025-07-24T01:41:24.9996237Z,21.87,5254,21.99,1016
2025-07-24T01:41:24.9996237Z,21.87,1372,22.00,875
2025-07-24T01:41:24.9996237Z,21.86,13212,22.01,753
                                   
2025-07-24T01:41:25.9996237Z,21.93,36,21.95,2110
2025-07-24T01:41:25.9996237Z,21.93,2500,21.96,2152
2025-07-24T01:41:25.9996237Z,21.92,6839,21.97,1852
2025-07-24T01:41:25.9996237Z,21.92,2152,21.97,1025
2025-07-24T01:41:25.9996237Z,21.91,6315,21.98,1594
2025-07-24T01:41:25.9996237Z,21.91,1852,21.99,1372
2025-07-24T01:41:25.9996237Z,21.90,3117,22.00,1181
2025-07-24T01:41:25.9996237Z,21.90,1594,22.01,1016
2025-07-24T01:41:25.9996237Z,21.89,5530,22.02,875
2025-07-24T01:41:25.9996237Z,21.89,1372,22.03,753
                                   
2025-07-24T01:41:26.9996237Z,21.94,3668,21.95,5919
2025-07-24T01:41:26.9996237Z,21.94,2500,21.96,2500
2025-07-24T01:41:26.9996237Z,21.93,3427,21.96,612
2025-07-24T01:41:26.9996237Z,21.93,2152,21.97,2152
2025-07-24T01:41:26.9996237Z,21.92,529,21.97,937
2025-07-24T01:41:26.9996237Z,21.92,1852,21.98,1852
2025-07-24T01:41:26.9996237Z,21.91,5644,21.99,1594
2025-07-24T01:41:26.9996237Z,21.91,1594,22.00,1372
2025-07-24T01:41:26.9996237Z,21.90,6956,22.01,1181
2025-07-24T01:41:26.9996237Z,21.90,1372,22.02,1016
                                   
2025-07-24T01:41:27.9996237Z,21.91,5532,21.93,7768
2025-07-24T01:41:27.9996237Z,21.90,8266,21.94,2152
2025-07-24T01:41:27.9996237Z,21.89,6850,21.95,2275
2025-07-24T01:41:27.9996237Z,21.88,5268,21.96,7186
2025-07-24T01:41:27.9996237Z,21.87,2898,21.97,10106
2025-07-24T01:41:27.9996237Z,21.86,5313,21.98,1181
2025-07-24T01:41:27.9996237Z,21.85,1741,21.99,1016
2025-07-24T01:41:27.9996237Z,21.84,1056,22.00,875
2025-07-24T01:41:27.9996237Z,21.83,1077,22.01,753
2025-07-24T01:41:27.9996237Z,21.82,648,22.02,648
                                   
2025-07-24T01:41:28.9996237Z,21.88,2500,21.90,6777
2025-07-24T01:41:28.9996237Z,21.88,4678,21.90,2500
2025-07-24T01:41:28.9996237Z,21.87,2152,21.91,10010
2025-07-24T01:41:28.9996237Z,21.86,1852,21.91,2152
2025-07-24T01:41:28.9996237Z,21.86,3384,21.92,22929
2025-07-24T01:41:28.9996237Z,21.85,1594,21.92,1852
2025-07-24T01:41:28.9996237Z,21.85,725,21.93,15228
2025-07-24T01:41:28.9996237Z,21.84,1372,21.93,1594
2025-07-24T01:41:28.9996237Z,21.84,181,21.94,1372
2025-07-24T01:41:28.9996237Z,21.83,1181,21.95,336
                                   
2025-07-24T01:41:29.9996237Z,21.80,995,21.82,2500
2025-07-24T01:41:29.9996237Z,21.80,2500,21.82,3557
2025-07-24T01:41:29.9996237Z,21.79,2152,21.83,2152
2025-07-24T01:41:29.9996237Z,21.78,92,21.83,9757
2025-07-24T01:41:29.9996237Z,21.78,1852,21.84,1852
2025-07-24T01:41:29.9996237Z,21.77,1594,21.84,4831
2025-07-24T01:41:29.9996237Z,21.76,1372,21.85,1594
2025-07-24T01:41:29.9996237Z,21.75,1181,21.85,111
2025-07-24T01:41:29.9996237Z,21.74,1016,21.86,1372
2025-07-24T01:41:29.9996237Z,21.73,875,21.86,1377
                                   
2025-07-24T01:41:30.9996237Z,21.76,2500,21.78,2500
2025-07-24T01:41:30.9996237Z,21.75,2152,21.78,7302
2025-07-24T01:41:30.9996237Z,21.74,1852,21.79,2152
2025-07-24T01:41:30.9996237Z,21.73,1594,21.79,5136
2025-07-24T01:41:30.9996237Z,21.72,1372,21.80,1852
2025-07-24T01:41:30.9996237Z,21.71,1181,21.81,1594
2025-07-24T01:41:30.9996237Z,21.70,1016,21.81,708
2025-07-24T01:41:30.9996237Z,21.69,875,21.82,1372
2025-07-24T01:41:30.9996237Z,21.68,753,21.82,68738
2025-07-24T01:41:30.9996237Z,21.67,648,21.83,1181
                                   
2025-07-24T01:41:31.9996237Z,21.71,298,21.74,10704
2025-07-24T01:41:31.9996237Z,21.71,1906,21.74,2500
2025-07-24T01:41:31.9996237Z,21.70,1852,21.75,807
2025-07-24T01:41:31.9996237Z,21.69,1594,21.75,2152
2025-07-24T01:41:31.9996237Z,21.68,1372,21.76,14432
2025-07-24T01:41:31.9996237Z,21.67,1181,21.76,1852
2025-07-24T01:41:31.9996237Z,21.66,1016,21.77,12576
2025-07-24T01:41:31.9996237Z,21.65,875,21.77,1594
2025-07-24T01:41:31.9996237Z,21.64,753,21.78,12762
2025-07-24T01:41:31.9996237Z,21.63,648,21.78,1372
                                   
2025-07-24T01:41:32.9996237Z,21.66,320,21.68,7558
2025-07-24T01:41:32.9996237Z,21.65,2152,21.68,2500
2025-07-24T01:41:32.9996237Z,21.65,3634,21.69,7536
2025-07-24T01:41:32.9996237Z,21.64,1852,21.69,2152
2025-07-24T01:41:32.9996237Z,21.63,1594,21.70,1852
2025-07-24T01:41:32.9996237Z,21.62,1372,21.71,5174
2025-07-24T01:41:32.9996237Z,21.61,1181,21.71,1594
2025-07-24T01:41:32.9996237Z,21.60,1016,21.72,9678
2025-07-24T01:41:32.9996237Z,21.59,875,21.72,1372
2025-07-24T01:41:32.9996237Z,21.58,753,21.73,1817
                                   
2025-07-24T01:41:33.9996237Z,21.55,2303,21.57,593
2025-07-24T01:41:33.9996237Z,21.55,2152,21.58,2500
2025-07-24T01:41:33.9996237Z,21.54,1852,21.58,687
2025-07-24T01:41:33.9996237Z,21.53,1594,21.59,2152
2025-07-24T01:41:33.9996237Z,21.52,1372,21.60,1852
2025-07-24T01:41:33.9996237Z,21.51,1181,21.61,1594
2025-07-24T01:41:33.9996237Z,21.50,1016,21.61,8424
2025-07-24T01:41:33.9996237Z,21.49,875,21.62,1372
2025-07-24T01:41:33.9996237Z,21.48,753,21.62,862
2025-07-24T01:41:33.9996237Z,21.47,648,21.63,1181
                                   
2025-07-24T01:41:34.9996237Z,21.55,1076,21.56,16036
2025-07-24T01:41:34.9996237Z,21.55,2500,21.57,2500
2025-07-24T01:41:34.9996237Z,21.54,3630,21.57,21434
2025-07-24T01:41:34.9996237Z,21.54,2152,21.58,2152
2025-07-24T01:41:34.9996237Z,21.53,5301,21.58,187
2025-07-24T01:41:34.9996237Z,21.53,1852,21.59,1852
2025-07-24T01:41:34.9996237Z,21.52,979,21.59,417
2025-07-24T01:41:34.9996237Z,21.52,1594,21.60,1594
2025-07-24T01:41:34.9996237Z,21.51,1372,21.60,484
2025-07-24T01:41:34.9996237Z,21.50,1181,21.61,1372
                                   
2025-07-24T01:41:35.9996237Z,21.53,10584,21.55,3887
2025-07-24T01:41:35.9996237Z,21.52,5499,21.56,20769
2025-07-24T01:41:35.9996237Z,21.51,1852,21.57,14160
2025-07-24T01:41:35.9996237Z,21.50,6940,21.58,1594
2025-07-24T01:41:35.9996237Z,21.49,1372,21.59,1789
2025-07-24T01:41:35.9996237Z,21.48,1181,21.60,1665
2025-07-24T01:41:35.9996237Z,21.47,1016,21.61,6615
2025-07-24T01:41:35.9996237Z,21.46,875,21.62,875
2025-07-24T01:41:35.9996237Z,21.45,753,21.63,5973
2025-07-24T01:41:35.9996237Z,21.44,648,21.64,648
                                   
2025-07-24T01:41:36.9996237Z,21.51,9385,21.56,11637
2025-07-24T01:41:36.9996237Z,21.51,2500,21.57,1372
2025-07-24T01:41:36.9996237Z,21.50,13278,21.57,8543
2025-07-24T01:41:36.9996237Z,21.50,2152,21.58,1181
2025-07-24T01:41:36.9996237Z,21.49,96,21.58,446
2025-07-24T01:41:36.9996237Z,21.49,1852,21.59,1016
2025-07-24T01:41:36.9996237Z,21.48,1594,21.60,875
2025-07-24T01:41:36.9996237Z,21.47,1372,21.61,753
2025-07-24T01:41:36.9996237Z,21.46,1181,21.62,648
2025-07-24T01:41:36.9996237Z,21.45,1016,21.63,239
                                   
2025-07-24T01:41:37.9996237Z,21.53,8544,21.54,2573
2025-07-24T01:41:37.9996237Z,21.52,27316,21.55,11899
2025-07-24T01:41:37.9996237Z,21.51,18845,21.56,4320
2025-07-24T01:41:37.9996237Z,21.50,22441,21.57,28946
2025-07-24T01:41:37.9996237Z,21.49,1468,21.58,2040
2025-07-24T01:41:37.9996237Z,21.48,1181,21.59,1372
2025-07-24T01:41:37.9996237Z,21.47,1016,21.60,1181
2025-07-24T01:41:37.9996237Z,21.46,875,21.61,1016
2025-07-24T01:41:37.9996237Z,21.45,753,21.62,875
2025-07-24T01:41:37.9996237Z,21.44,648,21.63,992
                                   
2025-07-24T01:41:38.9996237Z,21.55,11950,21.56,2380
2025-07-24T01:41:38.9996237Z,21.55,2500,21.57,2500
2025-07-24T01:41:38.9996237Z,21.54,8058,21.57,22814
2025-07-24T01:41:38.9996237Z,21.54,2152,21.58,2152
2025-07-24T01:41:38.9996237Z,21.53,10521,21.58,721
2025-07-24T01:41:38.9996237Z,21.53,1852,21.59,1852
2025-07-24T01:41:38.9996237Z,21.52,20275,21.60,1594
2025-07-24T01:41:38.9996237Z,21.52,1594,21.61,1372
2025-07-24T01:41:38.9996237Z,21.51,10172,21.62,1181
2025-07-24T01:41:38.9996237Z,21.51,1372,21.63,1016
                                   
2025-07-24T01:41:39.9996237Z,21.61,280,21.62,3254
2025-07-24T01:41:39.9996237Z,21.60,13329,21.63,2152
2025-07-24T01:41:39.9996237Z,21.59,15391,21.64,1852
2025-07-24T01:41:39.9996237Z,21.58,2242,21.65,1594
2025-07-24T01:41:39.9996237Z,21.57,7491,21.66,1372
2025-07-24T01:41:39.9996237Z,21.56,47926,21.67,1181
2025-07-24T01:41:39.9996237Z,21.55,3407,21.68,1016
2025-07-24T01:41:39.9996237Z,21.54,20177,21.69,875
2025-07-24T01:41:39.9996237Z,21.53,8539,21.70,753
2025-07-24T01:41:39.9996237Z,21.52,21028,21.71,648
                                   
2025-07-24T01:41:40.9996237Z,21.65,2500,21.67,1696
2025-07-24T01:41:40.9996237Z,21.65,9195,21.67,2500
2025-07-24T01:41:40.9996237Z,21.64,2152,21.68,1540
2025-07-24T01:41:40.9996237Z,21.64,28779,21.68,2152
2025-07-24T01:41:40.9996237Z,21.63,1852,21.69,1852
2025-07-24T01:41:40.9996237Z,21.63,6552,21.70,404
2025-07-24T01:41:40.9996237Z,21.62,1594,21.70,1594
2025-07-24T01:41:40.9996237Z,21.62,222,21.71,1372
2025-07-24T01:41:40.9996237Z,21.61,1372,21.72,1181
2025-07-24T01:41:40.9996237Z,21.61,103,21.73,1016
                                   
