ts,orderId,execType,side,price,lastQty,leaves
2025-07-24T01:38:41.9996237Z,10b81392-34ae-4066-b34d-2bbd8042df46,Trade,Buy,19.99,33,2467
2025-07-24T01:38:41.9996237Z,3258109e-66cd-4a65-9762-406452c6c21f,Cancel,Buy,19.96,0,0
2025-07-24T01:38:42.0096237Z,f148045d-9988-4c3e-92c8-4c83b4033eca,New,Sell,20.01,0,898
2025-07-24T01:38:42.0196237Z,c42be874-aa73-4902-a8a1-a4bcfa8907c1,Trade,Buy,19.99,686,1814
2025-07-24T01:38:42.0296237Z,10b81392-34ae-4066-b34d-2bbd8042df46,Trade,Buy,19.99,207,2260
2025-07-24T01:38:42.0296237Z,149710fa-27bf-40fd-9b1b-c566e62aea8b,Cancel,Buy,19.97,0,0
2025-07-24T01:38:42.0396237Z,ac007bbe-c1d5-4deb-bc72-4432f8c976d0,New,Sell,20.02,0,1269
2025-07-24T01:38:42.0496237Z,46c2d270-fa4d-4220-94aa-7814bcdfc19c,Trade,Sell,20.01,627,1873
2025-07-24T01:38:42.0596237Z,283c7ebe-8558-4a3c-8599-a96d43e6055e,New,Sell,20.01,0,4109
2025-07-24T01:38:42.0696237Z,60d8887e-4e24-4bdc-8bde-51cde488dfc9,Trade,Sell,20.01,601,1899
2025-07-24T01:38:42.0696237Z,17f6fee7-2e34-4290-9c61-d81f50d69aa3,Cancel,Sell,20.04,0,0
2025-07-24T01:38:42.0796237Z,73ac641b-b17d-4eba-8c9d-75d0e75f8ef9,Trade,Buy,19.99,686,0
2025-07-24T01:38:42.0796237Z,10b81392-34ae-4066-b34d-2bbd8042df46,Trade,Buy,19.99,1722,538
2025-07-24T01:38:42.0796237Z,c42be874-aa73-4902-a8a1-a4bcfa8907c1,Cancel,Buy,19.99,0,0
2025-07-24T01:38:42.0896237Z,1500e2fe-5bb3-491a-9518-2cda0a9525c5,New,Buy,19.99,0,628
2025-07-24T01:38:42.0996237Z,f148045d-9988-4c3e-92c8-4c83b4033eca,Trade,Sell,20.01,94,804
2025-07-24T01:38:42.1096237Z,dca58136-6567-46b2-98a3-d1c7a223aa14,New,Sell,20.01,0,1647
2025-07-24T01:38:42.1196237Z,10b81392-34ae-4066-b34d-2bbd8042df46,Trade,Buy,19.99,538,0
2025-07-24T01:38:42.1196237Z,46897497-4b56-4a35-90e7-c227174daa03,Trade,Buy,19.99,1074,1426
2025-07-24T01:38:42.1296237Z,46c2d270-fa4d-4220-94aa-7814bcdfc19c,Trade,Sell,20.01,1873,0
2025-07-24T01:38:42.1296237Z,283c7ebe-8558-4a3c-8599-a96d43e6055e,Trade,Sell,20.01,9,4100
2025-07-24T01:38:42.1396237Z,ce409108-2a2a-4102-87c0-584643716185,New,Sell,20.00,0,1780
2025-07-24T01:38:42.1496237Z,ce409108-2a2a-4102-87c0-584643716185,Trade,Sell,20.00,327,1453
2025-07-24T01:38:42.1496237Z,c30c96bc-51ff-4fe4-aeef-63b537b30222,Cancel,Sell,20.01,0,0
2025-07-24T01:38:42.1596237Z,1500e2fe-5bb3-491a-9518-2cda0a9525c5,Trade,Buy,19.99,628,0
2025-07-24T01:38:42.1596237Z,dbd7f106-4d15-4355-b655-9acb0230a185,Trade,Buy,19.99,19,2481
2025-07-24T01:38:42.1696237Z,eaeb3bb4-e31b-407e-9d9a-ab0753a36939,New,Sell,20.02,0,5642
2025-07-24T01:38:42.1696237Z,813dc39b-6011-450c-9668-c87408cb3b72,Cancel,Buy,19.90,0,0
2025-07-24T01:38:42.1796237Z,7a1c23c3-7c20-41bc-8ca1-698854a5cd72,Trade,Buy,19.98,897,1603
2025-07-24T01:38:42.1896237Z,b4e64e31-7f34-4a07-95ad-f7a0fdd2d15e,Trade,Buy,19.98,434,2066
2025-07-24T01:38:42.1996237Z,ce409108-2a2a-4102-87c0-584643716185,Trade,Sell,20.00,815,638
2025-07-24T01:38:42.2096237Z,ce409108-2a2a-4102-87c0-584643716185,Trade,Sell,20.00,145,493
2025-07-24T01:38:42.2196237Z,ce409108-2a2a-4102-87c0-584643716185,Trade,Sell,20.00,225,268
2025-07-24T01:38:42.2296237Z,f6d52f90-ada6-4917-ae8f-f11aaabfb563,New,Buy,19.98,0,2582
2025-07-24T01:38:42.2396237Z,ce409108-2a2a-4102-87c0-584643716185,Trade,Sell,20.00,268,0
2025-07-24T01:38:42.2396237Z,0f6cecbd-8878-4792-86c2-4f04ba71e561,Trade,Sell,20.00,1079,1421
2025-07-24T01:38:42.2496237Z,0f6cecbd-8878-4792-86c2-4f04ba71e561,Trade,Sell,20.00,1421,0
2025-07-24T01:38:42.2496237Z,dc5084d0-2328-44d8-bc04-c0bee182a5a4,Trade,Sell,20.00,1079,0
2025-07-24T01:38:42.2496237Z,f148045d-9988-4c3e-92c8-4c83b4033eca,Trade,Sell,20.01,804,0
2025-07-24T01:38:42.2496237Z,dca58136-6567-46b2-98a3-d1c7a223aa14,Trade,Sell,20.01,1647,0
2025-07-24T01:38:42.2496237Z,283c7ebe-8558-4a3c-8599-a96d43e6055e,Trade,Sell,20.01,902,3198
2025-07-24T01:38:42.2596237Z,d6b9a525-a7f7-468c-9fb4-0bb16b5bc084,Trade,Buy,19.99,1237,1263
2025-07-24T01:38:42.2696237Z,d6b9a525-a7f7-468c-9fb4-0bb16b5bc084,Trade,Buy,19.99,1263,0
2025-07-24T01:38:42.2696237Z,2e3b5d93-a829-4015-9000-1d93486d7b30,Trade,Buy,19.99,1237,0
2025-07-24T01:38:42.2696237Z,2b2fea1c-04b8-4845-907a-63ac52336450,Trade,Buy,19.98,563,1589
2025-07-24T01:38:42.2796237Z,49a1b345-0b61-4622-baeb-f74b493b55c3,Trade,Sell,20.00,1046,1454
2025-07-24T01:38:42.2896237Z,105bca7a-6a66-4217-8684-efacccd55ccb,New,Sell,20.00,0,131
2025-07-24T01:38:42.2896237Z,04930e3d-233d-478d-a710-e227ebcfc945,Cancel,Sell,20.03,0,0
2025-07-24T01:38:42.2996237Z,105bca7a-6a66-4217-8684-efacccd55ccb,Trade,Sell,20.00,131,0
2025-07-24T01:38:42.2996237Z,8b579950-d8b4-44df-b681-93d5a34850e6,Trade,Sell,20.00,2500,0
2025-07-24T01:38:42.2996237Z,283c7ebe-8558-4a3c-8599-a96d43e6055e,Trade,Sell,20.01,3198,0
2025-07-24T01:38:42.2996237Z,fc3e7ddb-93c9-4f69-af1c-96613b44990f,Trade,Sell,20.01,2152,0
2025-07-24T01:38:42.2996237Z,5ad77317-3151-410f-a933-c6755e8be062,Trade,Sell,20.02,2152,0
2025-07-24T01:38:42.2996237Z,ac007bbe-c1d5-4deb-bc72-4432f8c976d0,Trade,Sell,20.02,1269,0
2025-07-24T01:38:42.2996237Z,eaeb3bb4-e31b-407e-9d9a-ab0753a36939,Trade,Sell,20.02,5118,524
2025-07-24T01:38:42.3096237Z,6a3d846b-de3b-48f2-acf2-fddec6d6adf4,New,Buy,19.99,0,470
2025-07-24T01:38:42.3096237Z,554fc8fd-2985-44e0-ac25-42b71e85d081,Cancel,Sell,20.03,0,0
2025-07-24T01:38:42.3196237Z,76eece49-121f-4ec0-85d1-dc5c4f10444e,Trade,Sell,20.01,2500,0
2025-07-24T01:38:42.3196237Z,eaeb3bb4-e31b-407e-9d9a-ab0753a36939,Trade,Sell,20.02,524,0
2025-07-24T01:38:42.3196237Z,1db4f227-de6a-411b-bf8c-777427039a97,Trade,Sell,20.02,2152,0
2025-07-24T01:38:42.3196237Z,a3582bbc-3559-4bfc-9619-3c4b2e66f9cc,Trade,Sell,20.03,1852,0
2025-07-24T01:38:42.3196237Z,805d6f9b-4f26-4359-8d9f-3957bacc96a5,Trade,Sell,20.04,1594,0
2025-07-24T01:38:42.3196237Z,ca183200-9da4-4f2e-83f9-b3fd93f14986,Trade,Sell,20.04,1594,0
2025-07-24T01:38:42.3196237Z,a96c59b2-4f3f-42b8-83e4-30fe558b9ec9,Trade,Sell,20.05,1372,0
2025-07-24T01:38:42.3196237Z,3732559d-442d-4b93-a53c-05ec626df2fc,Trade,Sell,20.05,1372,0
2025-07-24T01:38:42.3196237Z,8c07fdfe-f871-4de7-844f-2774e8ecabce,Trade,Sell,20.06,1181,0
2025-07-24T01:38:42.3196237Z,689c9c8a-fccc-4ff9-a260-0c1fdccfba88,Trade,Sell,20.06,799,382
2025-07-24T01:38:42.3296237Z,c6db0226-6756-46a6-9a9e-f8b2b146e379,Trade,Buy,20.02,2281,219
2025-07-24T01:38:42.3396237Z,c6db0226-6756-46a6-9a9e-f8b2b146e379,Trade,Buy,20.02,219,0
2025-07-24T01:38:42.3396237Z,024e451d-44a9-4e1f-9366-5e44c5938f89,Trade,Buy,20.02,2189,92
2025-07-24T01:38:42.3396237Z,0630cd8b-0250-4a3e-b1c4-d1f52375352e,Cancel,Buy,19.99,0,0
2025-07-24T01:38:42.3496237Z,d48cb7d6-1b7c-4c4a-beac-387618937138,Trade,Sell,20.04,1373,1127
2025-07-24T01:38:42.3596237Z,d48cb7d6-1b7c-4c4a-beac-387618937138,Trade,Sell,20.04,1127,0
2025-07-24T01:38:42.3596237Z,ec999a7f-90c3-4a0e-abac-9a6081390e86,Trade,Sell,20.04,670,703
2025-07-24T01:38:42.3696237Z,f396b5f7-dc6a-4700-9888-fdf5dff840c3,New,Buy,20.02,0,97
2025-07-24T01:38:42.3796237Z,3e78ad16-4ff2-466a-a1c2-050f910e2ee1,Trade,Sell,20.04,1917,583
2025-07-24T01:38:42.3896237Z,43ea1f66-7d59-45fb-a1b5-337dd6411866,Trade,Sell,20.04,620,1880
2025-07-24T01:38:42.3996237Z,e293fc86-6d96-4fb7-bed1-2e6c743da4b6,Trade,Sell,20.04,157,2343
2025-07-24T01:38:42.3996237Z,d8fa96b0-3c49-483e-b598-68803abd464a,Cancel,Buy,19.94,0,0
2025-07-24T01:38:42.4096237Z,1e0780d3-7124-438d-bad6-3c7f14a96054,New,Buy,20.01,0,950
2025-07-24T01:38:42.4196237Z,5ad94779-d6d8-4fff-bf81-12fa7a3d05f9,Trade,Sell,20.04,414,2086
2025-07-24T01:38:42.4296237Z,f396b5f7-dc6a-4700-9888-fdf5dff840c3,Trade,Buy,20.02,97,0
2025-07-24T01:38:42.4296237Z,8241f222-86f0-442b-b8a4-9f92c9643f99,Trade,Buy,20.02,819,1681
2025-07-24T01:38:42.4396237Z,1788e323-c1b2-4317-a5c6-43bd01ef934d,New,Buy,20.03,0,459
2025-07-24T01:38:42.4496237Z,34e243b3-1c5c-4ca7-8917-c759650407c3,Trade,Sell,20.04,707,1793
2025-07-24T01:38:42.4596237Z,1788e323-c1b2-4317-a5c6-43bd01ef934d,Trade,Buy,20.03,459,0
2025-07-24T01:38:42.4596237Z,222e577c-81e2-45c8-aab0-de0d3863f6f9,Trade,Buy,20.03,2500,0
2025-07-24T01:38:42.4596237Z,9b7a6362-e1e8-4f4d-80ea-861167fb1883,Trade,Buy,20.02,2152,0
2025-07-24T01:38:42.4596237Z,1e0780d3-7124-438d-bad6-3c7f14a96054,Trade,Buy,20.01,950,0
2025-07-24T01:38:42.4596237Z,af54a748-8d33-41fa-944f-5b46a96c2bc6,Trade,Buy,20.01,539,1313
2025-07-24T01:38:42.4696237Z,4e602bea-385b-42df-abc7-59bbeb7aebbe,New,Buy,20.02,0,1700
2025-07-24T01:38:42.4796237Z,d4f81036-d322-4e42-8865-60ca87270133,Trade,Sell,20.04,1900,600
2025-07-24T01:38:42.4896237Z,0a641af1-2825-4931-818f-83ea1a74882e,New,Sell,20.03,0,2212
2025-07-24T01:38:42.4996237Z,0a641af1-2825-4931-818f-83ea1a74882e,Trade,Sell,20.03,580,1632
2025-07-24T01:38:42.5096237Z,0a641af1-2825-4931-818f-83ea1a74882e,Trade,Sell,20.03,1632,0
2025-07-24T01:38:42.5096237Z,919ce301-1c10-462c-8c00-b00cba6514b5,Trade,Sell,20.04,1760,740
2025-07-24T01:38:42.5196237Z,af5f6a5a-8e09-446f-abf8-1b900974ee4c,New,Buy,20.02,0,2433
2025-07-24T01:38:42.5296237Z,4e602bea-385b-42df-abc7-59bbeb7aebbe,Trade,Buy,20.02,1700,0
2025-07-24T01:38:42.5296237Z,af5f6a5a-8e09-446f-abf8-1b900974ee4c,Trade,Buy,20.02,1118,1315
2025-07-24T01:38:42.5396237Z,5f00aee9-3391-47e9-ba2d-3e5ea398c2e6,New,Buy,20.03,0,1265
2025-07-24T01:38:42.5496237Z,0ebc6dc3-87a0-4af0-8781-35c433d01a37,New,Sell,20.04,0,236
2025-07-24T01:38:42.5596237Z,0ebc6dc3-87a0-4af0-8781-35c433d01a37,Trade,Sell,20.04,236,0
2025-07-24T01:38:42.5596237Z,d1bba264-33d4-4369-ba66-122ed39745f7,Trade,Sell,20.05,1512,988
2025-07-24T01:38:42.5696237Z,427b1428-2bb9-41fd-a232-674e14295952,New,Sell,20.06,0,1177
2025-07-24T01:38:42.5796237Z,bc85002c-fe4b-4dcf-b006-029ef6ce785c,Trade,Sell,20.05,2500,0
2025-07-24T01:38:42.5796237Z,b18de3fa-4840-4a78-884b-e4b6e2f6887a,Trade,Sell,20.06,997,1155
2025-07-24T01:38:42.5896237Z,da9fca65-bf66-4bac-80f4-33a0328d2b9f,New,Buy,20.02,0,425
2025-07-24T01:38:42.5896237Z,5f00aee9-3391-47e9-ba2d-3e5ea398c2e6,Cancel,Buy,20.03,0,0
2025-07-24T01:38:42.5996237Z,3513dae3-91f3-4b5b-99aa-5d05b93a1d11,New,Buy,20.04,0,469
2025-07-24T01:38:42.5996237Z,2ca6b823-5438-4052-a99b-a7baa52b2e6b,Cancel,Sell,20.14,0,0
2025-07-24T01:38:42.6096237Z,bb97f1dc-2766-42d7-9a3d-cbc4b900c607,New,Buy,20.04,0,13766
2025-07-24T01:38:42.6096237Z,80b914bc-372f-4c92-a24a-e0fa3d168cf2,Cancel,Buy,20.00,0,0
2025-07-24T01:38:42.6196237Z,3513dae3-91f3-4b5b-99aa-5d05b93a1d11,Trade,Buy,20.04,469,0
2025-07-24T01:38:42.6196237Z,bb97f1dc-2766-42d7-9a3d-cbc4b900c607,Trade,Buy,20.04,1824,11942
2025-07-24T01:38:42.6296237Z,48ae53ce-1a41-43f7-a4af-91c4cc716656,New,Buy,20.05,0,1503
2025-07-24T01:38:42.6396237Z,48ae53ce-1a41-43f7-a4af-91c4cc716656,Trade,Buy,20.05,216,1287
2025-07-24T01:38:42.6396237Z,6a6b78b9-8d73-4fac-9bca-fac3832212d8,Cancel,Buy,19.98,0,0
2025-07-24T01:38:42.6496237Z,3f93330c-8496-4439-90ad-fd0489cb1db6,New,Sell,20.06,0,1823
2025-07-24T01:38:42.6596237Z,427b1428-2bb9-41fd-a232-674e14295952,Trade,Sell,20.06,320,857
2025-07-24T01:38:42.6696237Z,68494031-6406-4b54-83a2-d25c0a91d75e,New,Sell,20.06,0,580
2025-07-24T01:38:42.6796237Z,ab1a2ebe-b27e-4f31-bb3f-4c4aa895ecaa,New,Buy,20.05,0,818
2025-07-24T01:38:42.6896237Z,3f93330c-8496-4439-90ad-fd0489cb1db6,Trade,Sell,20.06,504,1319
2025-07-24T01:38:42.6896237Z,da9fca65-bf66-4bac-80f4-33a0328d2b9f,Cancel,Buy,20.02,0,0
2025-07-24T01:38:42.6996237Z,4729cf1a-9b25-4693-9226-b10eb1cfeae7,New,Buy,20.05,0,2106
2025-07-24T01:38:42.7096237Z,48ae53ce-1a41-43f7-a4af-91c4cc716656,Trade,Buy,20.05,1287,0
2025-07-24T01:38:42.7096237Z,ab1a2ebe-b27e-4f31-bb3f-4c4aa895ecaa,Trade,Buy,20.05,818,0
2025-07-24T01:38:42.7096237Z,4729cf1a-9b25-4693-9226-b10eb1cfeae7,Trade,Buy,20.05,2106,0
2025-07-24T01:38:42.7096237Z,b990d6de-7cee-495f-9172-30cbf757fc94,Trade,Buy,20.05,2500,0
2025-07-24T01:38:42.7096237Z,bb97f1dc-2766-42d7-9a3d-cbc4b900c607,Trade,Buy,20.04,989,10953
2025-07-24T01:38:42.7196237Z,427b1428-2bb9-41fd-a232-674e14295952,Trade,Sell,20.06,857,0
2025-07-24T01:38:42.7196237Z,68494031-6406-4b54-83a2-d25c0a91d75e,Trade,Sell,20.06,139,441
2025-07-24T01:38:42.7296237Z,bb97f1dc-2766-42d7-9a3d-cbc4b900c607,Trade,Buy,20.04,4396,6557
2025-07-24T01:38:42.7396237Z,200158ab-52dc-4230-bf4e-cd96ff64fb3c,New,Sell,20.05,0,1674
2025-07-24T01:38:42.7496237Z,bb97f1dc-2766-42d7-9a3d-cbc4b900c607,Trade,Buy,20.04,6130,427
2025-07-24T01:38:42.7596237Z,200158ab-52dc-4230-bf4e-cd96ff64fb3c,Trade,Sell,20.05,1367,307
2025-07-24T01:38:42.7696237Z,c4e5bf62-477e-41f7-bc56-f0214c933915,New,Sell,20.07,0,949
2025-07-24T01:38:42.7696237Z,0d2d55dc-aea7-4e52-b541-dfdb37819491,Cancel,Sell,20.10,0,0
2025-07-24T01:38:42.7796237Z,9e75df20-43cb-4880-8f95-f6d1016997f8,New,Sell,20.05,0,618
2025-07-24T01:38:42.7896237Z,2c6e91e8-667c-42a5-9999-9b17139ae851,New,Buy,20.03,0,23024
2025-07-24T01:38:42.7996237Z,bb97f1dc-2766-42d7-9a3d-cbc4b900c607,Trade,Buy,20.04,116,311
2025-07-24T01:38:42.8096237Z,2c3e2ce7-a3b6-4fa4-ace0-eef1c36d48ad,New,Buy,20.03,0,1667
2025-07-24T01:38:42.8196237Z,0c46dbd8-9f51-4332-836f-74019d5daef9,New,Buy,20.04,0,239
2025-07-24T01:38:42.8296237Z,7906e325-24a6-4ba0-94f6-7fb7bcaf6e07,New,Buy,20.03,0,6711
2025-07-24T01:38:42.8396237Z,a919e06f-d324-4822-8e26-617cc10beea9,New,Sell,20.06,0,510
2025-07-24T01:38:42.8496237Z,959f669c-ba75-44b5-80b6-b2f5fbc362cf,New,Buy,20.01,0,489
2025-07-24T01:38:42.8596237Z,60e9a8db-3edc-45ea-8f7a-3042b438e28f,New,Buy,20.03,0,312
2025-07-24T01:38:42.8696237Z,200158ab-52dc-4230-bf4e-cd96ff64fb3c,Trade,Sell,20.05,307,0
2025-07-24T01:38:42.8696237Z,9e75df20-43cb-4880-8f95-f6d1016997f8,Trade,Sell,20.05,419,199
2025-07-24T01:38:42.8796237Z,bb97f1dc-2766-42d7-9a3d-cbc4b900c607,Trade,Buy,20.04,311,0
2025-07-24T01:38:42.8796237Z,0c46dbd8-9f51-4332-836f-74019d5daef9,Trade,Buy,20.04,183,56
2025-07-24T01:38:42.8896237Z,be794aaf-af09-4568-8e08-17c904b64b75,New,Buy,20.04,0,3749
2025-07-24T01:38:42.8996237Z,714283e0-0ee9-40b3-848a-9d0a1afb146e,New,Buy,20.04,0,2261
2025-07-24T01:38:42.9096237Z,9e75df20-43cb-4880-8f95-f6d1016997f8,Trade,Sell,20.05,199,0
2025-07-24T01:38:42.9096237Z,4a80564e-e43f-4e86-876b-be30bc314485,Trade,Sell,20.06,561,1939
2025-07-24T01:38:42.9096237Z,e22ccb55-24bc-4413-b2a0-8da679bd1ac2,Cancel,Sell,20.09,0,0
2025-07-24T01:38:42.9196237Z,f83078d1-2e67-45a4-8ee0-3435c00131e6,Trade,Sell,20.06,815,1685
2025-07-24T01:38:42.9296237Z,2f563fef-5b1d-49c2-ad74-3512bedc1875,New,Buy,20.05,0,1859
2025-07-24T01:38:42.9296237Z,3fbd5be0-1955-4c28-94aa-a3655ea041d8,Cancel,Sell,20.09,0,0
2025-07-24T01:38:42.9396237Z,59ba727e-98e6-4198-89aa-075091587f41,New,Buy,20.04,0,1645
2025-07-24T01:38:42.9496237Z,3f93330c-8496-4439-90ad-fd0489cb1db6,Trade,Sell,20.06,1147,172
2025-07-24T01:38:42.9596237Z,2f563fef-5b1d-49c2-ad74-3512bedc1875,Trade,Buy,20.05,675,1184
2025-07-24T01:38:42.9696237Z,8e4e40bf-4d92-4635-9a93-3ff889440d7b,New,Sell,20.06,0,1135
2025-07-24T01:38:42.9796237Z,68494031-6406-4b54-83a2-d25c0a91d75e,Trade,Sell,20.06,441,0
2025-07-24T01:38:42.9796237Z,a919e06f-d324-4822-8e26-617cc10beea9,Trade,Sell,20.06,510,0
2025-07-24T01:38:42.9796237Z,3f93330c-8496-4439-90ad-fd0489cb1db6,Trade,Sell,20.06,172,0
2025-07-24T01:38:42.9796237Z,8e4e40bf-4d92-4635-9a93-3ff889440d7b,Trade,Sell,20.06,611,524
2025-07-24T01:38:42.9896237Z,edad61df-6a4f-4383-8509-b362f64e0c23,New,Sell,20.07,0,2846
2025-07-24T01:38:42.9996237Z,8e4e40bf-4d92-4635-9a93-3ff889440d7b,Trade,Sell,20.06,524,0
2025-07-24T01:38:42.9996237Z,1d2498e6-acf3-4338-b912-1571ad22763c,Trade,Sell,20.07,871,1629
2025-07-24T01:38:43.0096237Z,c59a0c57-b6d7-4426-9d92-19778c16b97d,Trade,Sell,20.07,422,2078
2025-07-24T01:38:43.0196237Z,484d4dbc-7795-4de0-9749-0fb12d7c3c8a,New,Sell,20.07,0,2545
2025-07-24T01:38:43.0296237Z,51d5a519-3b98-44e8-9a19-0baf5569f3b5,Trade,Sell,20.07,299,2201
2025-07-24T01:38:43.0396237Z,2f563fef-5b1d-49c2-ad74-3512bedc1875,Trade,Buy,20.05,1184,0
2025-07-24T01:38:43.0396237Z,8ba1ed3e-c7c5-46e0-9e35-9fcf7f650c5a,Trade,Buy,20.05,1671,829
2025-07-24T01:38:43.0496237Z,8ba1ed3e-c7c5-46e0-9e35-9fcf7f650c5a,Trade,Buy,20.05,829,0
2025-07-24T01:38:43.0496237Z,61a6bd78-124c-4d66-a6db-08bfc279a98b,Trade,Buy,20.05,58,1613
2025-07-24T01:38:43.0596237Z,61a6bd78-124c-4d66-a6db-08bfc279a98b,Trade,Buy,20.05,1229,384
2025-07-24T01:38:43.0696237Z,d1ed271c-ce13-48ea-8027-8329148e7cc5,New,Buy,20.06,0,550
2025-07-24T01:38:43.0796237Z,d1ed271c-ce13-48ea-8027-8329148e7cc5,Trade,Buy,20.06,550,0
2025-07-24T01:38:43.0796237Z,f009bd96-53be-431e-b301-c21d49b30a5c,Trade,Buy,20.05,2500,0
2025-07-24T01:38:43.0796237Z,b4aaaf45-a058-4548-8337-b38eb11bacb1,Trade,Buy,20.04,374,1778
2025-07-24T01:38:43.0896237Z,4dc68545-07de-4f14-816e-6d60f0dc4276,Trade,Buy,20.05,2500,0
2025-07-24T01:38:43.0896237Z,0c46dbd8-9f51-4332-836f-74019d5daef9,Trade,Buy,20.04,56,0
2025-07-24T01:38:43.0896237Z,be794aaf-af09-4568-8e08-17c904b64b75,Trade,Buy,20.04,3189,560
2025-07-24T01:38:43.0996237Z,11777679-1170-4258-a364-12a28f3a8399,Trade,Buy,20.04,458,2042
2025-07-24T01:38:43.1096237Z,95157cd3-46c2-47f6-9585-7dcf239f6c55,New,Buy,20.01,0,2533
2025-07-24T01:38:43.1096237Z,59ba727e-98e6-4198-89aa-075091587f41,Cancel,Buy,20.04,0,0
2025-07-24T01:38:43.1196237Z,11777679-1170-4258-a364-12a28f3a8399,Trade,Buy,20.04,479,1563
2025-07-24T01:38:43.1296237Z,2d186518-07b8-496f-94c9-4ae6d75aa118,New,Sell,20.06,0,1158
2025-07-24T01:38:43.1396237Z,aaf0b650-e6b7-4078-9940-8f9ea72402b9,New,Sell,20.06,0,2982
2025-07-24T01:38:43.1496237Z,2d186518-07b8-496f-94c9-4ae6d75aa118,Trade,Sell,20.06,211,947
2025-07-24T01:38:43.1596237Z,00b6f830-e73c-479f-b981-4f2e657fa4ac,Trade,Buy,20.04,2500,0
2025-07-24T01:38:43.1596237Z,714283e0-0ee9-40b3-848a-9d0a1afb146e,Trade,Buy,20.04,1296,965
2025-07-24T01:38:43.1696237Z,aaf0b650-e6b7-4078-9940-8f9ea72402b9,Trade,Sell,20.06,354,2628
2025-07-24T01:38:43.1796237Z,2d186518-07b8-496f-94c9-4ae6d75aa118,Trade,Sell,20.06,947,0
2025-07-24T01:38:43.1796237Z,f35f37cb-0bd2-4744-a2a0-673bd4848336,Trade,Sell,20.06,179,2321
2025-07-24T01:38:43.1896237Z,2efa2e55-6e91-402a-b8e7-83858d237c46,New,Buy,20.04,0,2716
2025-07-24T01:38:43.1896237Z,2c6e91e8-667c-42a5-9999-9b17139ae851,Cancel,Buy,20.03,0,0
2025-07-24T01:38:43.1996237Z,be794aaf-af09-4568-8e08-17c904b64b75,Trade,Buy,20.04,560,0
2025-07-24T01:38:43.1996237Z,714283e0-0ee9-40b3-848a-9d0a1afb146e,Trade,Buy,20.04,508,457
2025-07-24T01:38:43.2096237Z,aaf0b650-e6b7-4078-9940-8f9ea72402b9,Trade,Sell,20.06,497,2131
2025-07-24T01:38:43.2196237Z,5dec8a36-ab2d-43ae-9197-c8dc939f10e0,New,Buy,20.03,0,1184
2025-07-24T01:38:43.2296237Z,b23c2b3c-7924-4ab3-9e20-1bc8cd3e85c6,New,Buy,20.04,0,1373
2025-07-24T01:38:43.2396237Z,6d84540a-3279-4ec9-9e30-558874dd8b94,New,Buy,20.05,0,1333
2025-07-24T01:38:43.2496237Z,6d84540a-3279-4ec9-9e30-558874dd8b94,Trade,Buy,20.05,1333,0
2025-07-24T01:38:43.2496237Z,3b92bb97-33dd-428d-9951-bbbadbae980e,Trade,Buy,20.05,338,2162
2025-07-24T01:38:43.2496237Z,f6d52f90-ada6-4917-ae8f-f11aaabfb563,Cancel,Buy,19.98,0,0
2025-07-24T01:38:43.2596237Z,454cac1a-903a-4115-81ec-03ec0fc96564,Trade,Buy,20.04,522,1978
2025-07-24T01:38:43.2696237Z,3e951146-c4ca-4d2a-85f9-858cb54f1891,Trade,Buy,20.04,1008,1492
2025-07-24T01:38:43.2796237Z,aaf0b650-e6b7-4078-9940-8f9ea72402b9,Trade,Sell,20.06,1005,1126
2025-07-24T01:38:43.2896237Z,aaf0b650-e6b7-4078-9940-8f9ea72402b9,Trade,Sell,20.06,102,1024
2025-07-24T01:38:43.2996237Z,54c7cc04-4262-449e-b172-ae74b130ac72,New,Sell,20.06,0,1187
2025-07-24T01:38:43.3096237Z,aaf0b650-e6b7-4078-9940-8f9ea72402b9,Trade,Sell,20.06,256,768
2025-07-24T01:38:43.3196237Z,eab9c6ea-5106-4ea1-90b5-d5f2e2968d45,New,Sell,20.05,0,2743
2025-07-24T01:38:43.3296237Z,4935d33d-552f-43cd-8aaa-52ce90730552,New,Buy,20.04,0,707
2025-07-24T01:38:43.3396237Z,2efa2e55-6e91-402a-b8e7-83858d237c46,Trade,Buy,20.04,2716,0
2025-07-24T01:38:43.3396237Z,714283e0-0ee9-40b3-848a-9d0a1afb146e,Trade,Buy,20.04,457,0
2025-07-24T01:38:43.3396237Z,b23c2b3c-7924-4ab3-9e20-1bc8cd3e85c6,Trade,Buy,20.04,1373,0
2025-07-24T01:38:43.3396237Z,4935d33d-552f-43cd-8aaa-52ce90730552,Trade,Buy,20.04,707,0
2025-07-24T01:38:43.3396237Z,c68f12bb-3797-431d-b609-35c8cb1c16c6,Trade,Buy,20.04,2500,0
2025-07-24T01:38:43.3396237Z,2c3e2ce7-a3b6-4fa4-ace0-eef1c36d48ad,Trade,Buy,20.03,1667,0
2025-07-24T01:38:43.3396237Z,7906e325-24a6-4ba0-94f6-7fb7bcaf6e07,Trade,Buy,20.03,1272,5439
2025-07-24T01:38:43.3496237Z,eab9c6ea-5106-4ea1-90b5-d5f2e2968d45,Trade,Sell,20.05,152,2591
2025-07-24T01:38:43.3596237Z,73f54772-02b9-4e93-a8bb-7b8077256087,New,Buy,20.03,0,5784
2025-07-24T01:38:43.3596237Z,f14db540-6688-483f-9d46-b1726e01118e,Cancel,Buy,20.03,0,0
2025-07-24T01:38:43.3696237Z,4e086c74-55c4-4328-a1e5-6192360bf693,New,Buy,20.02,0,3307
2025-07-24T01:38:43.3796237Z,60e9a8db-3edc-45ea-8f7a-3042b438e28f,Trade,Buy,20.03,286,26
2025-07-24T01:38:43.3896237Z,cf36961b-3415-4008-82cd-a55a3dac9a92,Trade,Sell,20.05,1175,1325
2025-07-24T01:38:43.3996237Z,31a1abdf-5727-4f9a-ac1e-c249b9dd0723,New,Buy,20.03,0,1228
2025-07-24T01:38:43.4096237Z,eab9c6ea-5106-4ea1-90b5-d5f2e2968d45,Trade,Sell,20.05,2591,0
2025-07-24T01:38:43.4096237Z,cf36961b-3415-4008-82cd-a55a3dac9a92,Trade,Sell,20.05,1325,0
2025-07-24T01:38:43.4096237Z,669a7cfc-d7c8-4838-ae87-a80efb5f4ec8,Trade,Sell,20.05,1175,0
2025-07-24T01:38:43.4096237Z,54c7cc04-4262-449e-b172-ae74b130ac72,Trade,Sell,20.06,1187,0
2025-07-24T01:38:43.4096237Z,aaf0b650-e6b7-4078-9940-8f9ea72402b9,Trade,Sell,20.06,24,744
2025-07-24T01:38:43.4196237Z,fb5951bb-a513-4c45-9407-900c420b7dca,New,Sell,20.06,0,2622
2025-07-24T01:38:43.4196237Z,571af668-5a34-4fe7-8765-7c450cc8fae7,Cancel,Sell,20.12,0,0
2025-07-24T01:38:43.4296237Z,ea189981-d68a-49b7-ae07-cc04e5544a6e,Trade,Sell,20.06,1894,606
2025-07-24T01:38:43.4296237Z,611d8289-b0ed-4d8e-a8c7-c5d2e789e7d3,Cancel,Buy,19.98,0,0
2025-07-24T01:38:43.4396237Z,b19006ea-549f-4fbf-8620-cd63011fbb79,Trade,Buy,20.04,166,2334
2025-07-24T01:38:43.4496237Z,fd91bdd1-800d-49a2-89c8-8ce4e5410755,New,Sell,20.05,0,2081
2025-07-24T01:38:43.4596237Z,0a92913e-6e51-4a49-b914-e25a709eb6e7,Trade,Buy,20.03,510,1990
2025-07-24T01:38:43.4696237Z,2d5f3730-efde-43b0-864a-09632681a035,New,Sell,20.05,0,13576
2025-07-24T01:38:43.4796237Z,75fd61df-0bbe-4fdc-ab19-6f1c00412070,Trade,Buy,20.03,2500,0
2025-07-24T01:38:43.4796237Z,5dec8a36-ab2d-43ae-9197-c8dc939f10e0,Trade,Buy,20.03,1184,0
2025-07-24T01:38:43.4796237Z,7906e325-24a6-4ba0-94f6-7fb7bcaf6e07,Trade,Buy,20.03,1527,3912
2025-07-24T01:38:43.4896237Z,d5518088-8219-4338-a5ef-57952e414215,New,Buy,20.03,0,313
2025-07-24T01:38:43.4896237Z,484d4dbc-7795-4de0-9749-0fb12d7c3c8a,Cancel,Sell,20.07,0,0
2025-07-24T01:38:43.4996237Z,73f54772-02b9-4e93-a8bb-7b8077256087,Trade,Buy,20.03,1831,3953
2025-07-24T01:38:43.5096237Z,60e9a8db-3edc-45ea-8f7a-3042b438e28f,Trade,Buy,20.03,26,0
2025-07-24T01:38:43.5096237Z,31a1abdf-5727-4f9a-ac1e-c249b9dd0723,Trade,Buy,20.03,972,256
2025-07-24T01:38:43.5196237Z,1b5d9043-79bc-414a-9ec5-4e5479546965,New,Sell,20.04,0,429
2025-07-24T01:38:43.5296237Z,1b5d9043-79bc-414a-9ec5-4e5479546965,Trade,Sell,20.04,429,0
2025-07-24T01:38:43.5296237Z,3f1b4144-430f-4d54-8df4-688d09ce451f,Trade,Sell,20.05,1266,1234
2025-07-24T01:38:43.5396237Z,eb2e60f4-4c76-4f6b-ae4e-bc9c4b639a7d,Trade,Sell,20.05,397,2103
2025-07-24T01:38:43.5496237Z,7906e325-24a6-4ba0-94f6-7fb7bcaf6e07,Trade,Buy,20.03,109,3803
2025-07-24T01:38:43.5496237Z,95157cd3-46c2-47f6-9585-7dcf239f6c55,Cancel,Buy,20.01,0,0
2025-07-24T01:38:43.5596237Z,39627ca7-9521-4452-b1a7-8012c19f6d3c,New,Buy,20.04,0,13484
2025-07-24T01:38:43.5696237Z,fd91bdd1-800d-49a2-89c8-8ce4e5410755,Trade,Sell,20.05,983,1098
2025-07-24T01:38:43.5796237Z,8dd67ee0-7bfe-409b-8b59-16e75932605f,New,Sell,20.06,0,625
2025-07-24T01:38:43.5796237Z,31a1abdf-5727-4f9a-ac1e-c249b9dd0723,Cancel,Buy,20.03,0,0
2025-07-24T01:38:43.5896237Z,2d5f3730-efde-43b0-864a-09632681a035,Trade,Sell,20.05,433,13143
2025-07-24T01:38:43.5996237Z,36b4ab09-20dd-4cf8-b44d-2b63dd9fdf3f,New,Sell,20.05,0,749
2025-07-24T01:38:43.6096237Z,39627ca7-9521-4452-b1a7-8012c19f6d3c,Trade,Buy,20.04,591,12893
2025-07-24T01:38:43.6096237Z,a86e1787-6dda-4aac-8f58-f6e87cf2eb33,Cancel,Buy,19.98,0,0
2025-07-24T01:38:43.6196237Z,b178e33c-f385-42b3-aad6-0fd7c08726e6,New,Buy,20.04,0,5122
2025-07-24T01:38:43.6196237Z,2b2fea1c-04b8-4845-907a-63ac52336450,Cancel,Buy,19.98,0,0
2025-07-24T01:38:43.6296237Z,7665bbd2-98a7-46df-8b4f-a12e606dc363,New,Buy,20.04,0,1353
2025-07-24T01:38:43.6396237Z,fd91bdd1-800d-49a2-89c8-8ce4e5410755,Trade,Sell,20.05,356,742
2025-07-24T01:38:43.6496237Z,c7d5731a-02bb-4387-b1e4-2c7078bb154d,New,Buy,20.01,0,797
2025-07-24T01:38:43.6596237Z,2d5f3730-efde-43b0-864a-09632681a035,Trade,Sell,20.05,3251,9892
2025-07-24T01:38:43.6696237Z,272c7c3c-9dd6-4cff-bbcb-fdbccea150a9,New,Buy,20.01,0,2236
2025-07-24T01:38:43.6696237Z,3af5951e-5fc9-48f8-8eae-3cb9689e2fb1,Cancel,Sell,20.08,0,0
2025-07-24T01:38:43.6696237Z,3683f773-94bd-4f70-8ce1-a5955b026a03,Cancel,Sell,20.11,0,0
2025-07-24T01:38:43.6796237Z,c5cc7076-ac71-4cf6-97a4-9f8dbf79a875,New,Sell,20.05,0,1009
2025-07-24T01:38:43.6896237Z,39627ca7-9521-4452-b1a7-8012c19f6d3c,Trade,Buy,20.04,518,12375
2025-07-24T01:38:43.6996237Z,68c9e0f9-0b40-4b30-be7c-f9b3e496bc16,New,Sell,20.05,0,1130
2025-07-24T01:38:43.7096237Z,b178e33c-f385-42b3-aad6-0fd7c08726e6,Trade,Buy,20.04,1089,4033
2025-07-24T01:38:43.7196237Z,36b4ab09-20dd-4cf8-b44d-2b63dd9fdf3f,Trade,Sell,20.05,319,430
2025-07-24T01:38:43.7296237Z,a6e92c84-dcb0-4e18-8922-f097dd0c26ce,New,Buy,20.04,0,926
2025-07-24T01:38:43.7396237Z,fd91bdd1-800d-49a2-89c8-8ce4e5410755,Trade,Sell,20.05,742,0
2025-07-24T01:38:43.7396237Z,2d5f3730-efde-43b0-864a-09632681a035,Trade,Sell,20.05,1198,8694
2025-07-24T01:38:43.7496237Z,5551b2b3-9da3-4a7a-a178-389864ad9a23,New,Sell,20.06,0,267
2025-07-24T01:38:43.7596237Z,8eae4524-9e79-4793-ba25-bade1d9c803e,New,Buy,20.04,0,2263
2025-07-24T01:38:43.7596237Z,a1d124f8-0074-4597-894e-370563559cda,Cancel,Buy,20.01,0,0
2025-07-24T01:38:43.7696237Z,7665bbd2-98a7-46df-8b4f-a12e606dc363,Trade,Buy,20.04,779,574
2025-07-24T01:38:43.7796237Z,c5cc7076-ac71-4cf6-97a4-9f8dbf79a875,Trade,Sell,20.05,1009,0
2025-07-24T01:38:43.7796237Z,68c9e0f9-0b40-4b30-be7c-f9b3e496bc16,Trade,Sell,20.05,91,1039
2025-07-24T01:38:43.7796237Z,937dd4ed-75b5-4280-abc3-ec2116fa61c3,Cancel,Buy,19.93,0,0
2025-07-24T01:38:43.7796237Z,fb5951bb-a513-4c45-9407-900c420b7dca,Cancel,Sell,20.06,0,0
2025-07-24T01:38:43.7896237Z,39627ca7-9521-4452-b1a7-8012c19f6d3c,Trade,Buy,20.04,574,11801
2025-07-24T01:38:43.7996237Z,ef5950ab-5235-48c9-8965-e1b168278772,New,Buy,20.04,0,910
2025-07-24T01:38:43.8096237Z,a0104bf0-47f2-4821-9e31-b55377ae0cf7,New,Sell,20.06,0,4933
2025-07-24T01:38:43.8196237Z,b178e33c-f385-42b3-aad6-0fd7c08726e6,Trade,Buy,20.04,556,3477
2025-07-24T01:38:43.8296237Z,a6e92c84-dcb0-4e18-8922-f097dd0c26ce,Trade,Buy,20.04,224,702
2025-07-24T01:38:43.8296237Z,4b9b40ca-6d4a-4543-bd7e-ea46a4b0157e,Cancel,Sell,20.08,0,0
2025-07-24T01:38:43.8396237Z,4e79d9e4-2f7e-4426-9d43-7be8abc27535,New,Buy,20.04,0,2297
2025-07-24T01:38:43.8496237Z,36b4ab09-20dd-4cf8-b44d-2b63dd9fdf3f,Trade,Sell,20.05,430,0
2025-07-24T01:38:43.8496237Z,2d5f3730-efde-43b0-864a-09632681a035,Trade,Sell,20.05,958,7736
2025-07-24T01:38:43.8596237Z,a78c68b3-3e4f-4a18-a5a8-db9cb4eae9be,New,Sell,20.06,0,867
2025-07-24T01:38:43.8696237Z,940f6d98-83d2-42b3-ba0f-f7dbcff8ae21,New,Sell,20.06,0,1743
2025-07-24T01:38:43.8796237Z,8eae4524-9e79-4793-ba25-bade1d9c803e,Trade,Buy,20.04,633,1630
2025-07-24T01:38:43.8796237Z,17a5fa60-6244-42ef-952a-7ab76dcf7808,Cancel,Buy,19.96,0,0
2025-07-24T01:38:43.8896237Z,83a555a7-d7e6-40da-98e0-dbd643c80cb5,New,Buy,20.01,0,4453
2025-07-24T01:38:43.8996237Z,7665bbd2-98a7-46df-8b4f-a12e606dc363,Trade,Buy,20.04,574,0
2025-07-24T01:38:43.8996237Z,39627ca7-9521-4452-b1a7-8012c19f6d3c,Trade,Buy,20.04,2228,9573
2025-07-24T01:38:43.9096237Z,12f1d221-7511-4216-92d5-a2448f6704bb,New,Buy,20.04,0,583
2025-07-24T01:38:43.9196237Z,56369eb2-6f38-4037-9038-d49f762da277,New,Buy,20.04,0,1044
2025-07-24T01:38:43.9296237Z,98c5293b-8df5-4ad5-9b2b-e73ee3eab82a,New,Sell,20.05,0,1358
2025-07-24T01:38:43.9396237Z,f48bbefa-e991-4626-850a-0e9aed6abfca,New,Sell,20.05,0,329
2025-07-24T01:38:43.9396237Z,433a1f16-fb13-4347-bd8c-6c7424dbb762,Cancel,Sell,20.14,0,0
2025-07-24T01:38:43.9496237Z,70716d97-4f98-470e-9a41-4955283d30f4,New,Buy,20.04,0,588
2025-07-24T01:38:43.9596237Z,68c9e0f9-0b40-4b30-be7c-f9b3e496bc16,Trade,Sell,20.05,1010,29
2025-07-24T01:38:43.9696237Z,6cf09af4-65d5-4fc8-a3e3-8cf632942d2d,New,Sell,20.05,0,399
2025-07-24T01:38:43.9796237Z,fa2b517c-53f9-4017-8a32-b73985e83863,New,Sell,20.05,0,4231
2025-07-24T01:38:43.9796237Z,7906e325-24a6-4ba0-94f6-7fb7bcaf6e07,Cancel,Buy,20.03,0,0
2025-07-24T01:38:43.9896237Z,3fcf2141-6884-4941-8b39-a6575fd25c3f,New,Sell,20.06,0,97
2025-07-24T01:38:43.9996237Z,ef5950ab-5235-48c9-8965-e1b168278772,Trade,Buy,20.04,895,15
2025-07-24T01:38:44.0096237Z,de830499-22aa-49a9-a7cf-1a3e2c7aa59d,New,Sell,20.06,0,347
2025-07-24T01:38:44.0096237Z,12dfe378-c02c-45e9-bb35-e3de0b5c7938,Cancel,Buy,19.95,0,0
2025-07-24T01:38:44.0196237Z,2d5f3730-efde-43b0-864a-09632681a035,Trade,Sell,20.05,398,7338
2025-07-24T01:38:44.0296237Z,b178e33c-f385-42b3-aad6-0fd7c08726e6,Trade,Buy,20.04,3477,0
2025-07-24T01:38:44.0296237Z,a6e92c84-dcb0-4e18-8922-f097dd0c26ce,Trade,Buy,20.04,702,0
2025-07-24T01:38:44.0296237Z,4e79d9e4-2f7e-4426-9d43-7be8abc27535,Trade,Buy,20.04,893,1404
2025-07-24T01:38:44.0396237Z,0c10c986-473c-436b-9500-20d26649afc1,New,Sell,20.05,0,663
2025-07-24T01:38:44.0496237Z,98c5293b-8df5-4ad5-9b2b-e73ee3eab82a,Trade,Sell,20.05,304,1054
2025-07-24T01:38:44.0496237Z,f30a5521-c86e-4c7d-98e9-58257d27a82b,Cancel,Sell,20.12,0,0
2025-07-24T01:38:44.0596237Z,f48bbefa-e991-4626-850a-0e9aed6abfca,Trade,Sell,20.05,329,0
2025-07-24T01:38:44.0596237Z,68c9e0f9-0b40-4b30-be7c-f9b3e496bc16,Trade,Sell,20.05,29,0
2025-07-24T01:38:44.0596237Z,6cf09af4-65d5-4fc8-a3e3-8cf632942d2d,Trade,Sell,20.05,158,241
2025-07-24T01:38:44.0696237Z,eb0dc34c-2660-41e8-9b27-4c3ebc0a0390,New,Sell,20.05,0,838
2025-07-24T01:38:44.0796237Z,8eae4524-9e79-4793-ba25-bade1d9c803e,Trade,Buy,20.04,1630,0
2025-07-24T01:38:44.0796237Z,39627ca7-9521-4452-b1a7-8012c19f6d3c,Trade,Buy,20.04,3841,5732
2025-07-24T01:38:44.0896237Z,fa2b517c-53f9-4017-8a32-b73985e83863,Trade,Sell,20.05,366,3865
2025-07-24T01:38:44.0996237Z,85a92069-e74b-49f8-99e0-a1a8d662cd2c,New,Sell,20.06,0,1954
2025-07-24T01:38:44.1096237Z,12f1d221-7511-4216-92d5-a2448f6704bb,Trade,Buy,20.04,250,333
2025-07-24T01:38:44.1096237Z,fbdcd74c-04dc-4487-8ae4-2fb86c8c4f01,Cancel,Buy,19.98,0,0
2025-07-24T01:38:44.1196237Z,8fe11dc2-4d7b-446f-ac26-3f298e65ce4f,New,Buy,20.04,0,937
2025-07-24T01:38:44.1296237Z,a122426a-a948-4cff-adca-697699f35da4,New,Buy,20.04,0,2060
2025-07-24T01:38:44.1296237Z,50e87c71-b0ce-4fcf-82f9-30ff3e9ff110,Cancel,Sell,20.13,0,0
2025-07-24T01:38:44.1396237Z,56369eb2-6f38-4037-9038-d49f762da277,Trade,Buy,20.04,150,894
2025-07-24T01:38:44.1396237Z,ef5950ab-5235-48c9-8965-e1b168278772,Cancel,Buy,20.04,0,0
2025-07-24T01:38:44.1496237Z,70716d97-4f98-470e-9a41-4955283d30f4,Trade,Buy,20.04,588,0
2025-07-24T01:38:44.1496237Z,4e79d9e4-2f7e-4426-9d43-7be8abc27535,Trade,Buy,20.04,670,734
2025-07-24T01:38:44.1496237Z,de830499-22aa-49a9-a7cf-1a3e2c7aa59d,Cancel,Sell,20.06,0,0
2025-07-24T01:38:44.1596237Z,0998375a-698a-497a-a216-fb1a755579ed,New,Sell,20.05,0,205
2025-07-24T01:38:44.1596237Z,8ff7a065-955f-470c-b489-72484b26557f,Cancel,Buy,20.02,0,0
2025-07-24T01:38:44.1696237Z,fa253357-5724-407d-83b9-017a0ce837f5,New,Sell,20.07,0,1307
2025-07-24T01:38:44.1796237Z,39627ca7-9521-4452-b1a7-8012c19f6d3c,Trade,Buy,20.04,543,5189
2025-07-24T01:38:44.1796237Z,9e06a5c6-a532-4a0f-870e-f76bfc541603,Cancel,Sell,20.08,0,0
2025-07-24T01:38:44.1896237Z,12f1d221-7511-4216-92d5-a2448f6704bb,Trade,Buy,20.04,333,0
2025-07-24T01:38:44.1896237Z,8fe11dc2-4d7b-446f-ac26-3f298e65ce4f,Trade,Buy,20.04,839,98
2025-07-24T01:38:44.1996237Z,2d5f3730-efde-43b0-864a-09632681a035,Trade,Sell,20.05,1246,6092
2025-07-24T01:38:44.2096237Z,45b795c1-170c-4322-b2c2-fa831143335b,New,Buy,20.03,0,3467
2025-07-24T01:38:44.2096237Z,a0104bf0-47f2-4821-9e31-b55377ae0cf7,Cancel,Sell,20.06,0,0
2025-07-24T01:38:44.2196237Z,55f7f13d-146a-4ec2-9876-71afe0de3ac6,New,Buy,20.04,0,1702
2025-07-24T01:38:44.2196237Z,0c10c986-473c-436b-9500-20d26649afc1,Cancel,Sell,20.05,0,0
2025-07-24T01:38:44.2296237Z,a122426a-a948-4cff-adca-697699f35da4,Trade,Buy,20.04,2060,0
2025-07-24T01:38:44.2296237Z,56369eb2-6f38-4037-9038-d49f762da277,Trade,Buy,20.04,894,0
2025-07-24T01:38:44.2296237Z,4e79d9e4-2f7e-4426-9d43-7be8abc27535,Trade,Buy,20.04,734,0
2025-07-24T01:38:44.2296237Z,39627ca7-9521-4452-b1a7-8012c19f6d3c,Trade,Buy,20.04,844,4345
2025-07-24T01:38:44.2396237Z,98c5293b-8df5-4ad5-9b2b-e73ee3eab82a,Trade,Sell,20.05,465,589
2025-07-24T01:38:44.2496237Z,dad68226-6b4e-4203-91f1-b360d9516b22,New,Buy,20.04,0,3125
2025-07-24T01:38:44.2496237Z,bca23d71-5402-4138-a1b1-ab83223cf9e4,Cancel,Buy,20.03,0,0
2025-07-24T01:38:44.2596237Z,8fe11dc2-4d7b-446f-ac26-3f298e65ce4f,Trade,Buy,20.04,98,0
2025-07-24T01:38:44.2596237Z,55f7f13d-146a-4ec2-9876-71afe0de3ac6,Trade,Buy,20.04,1182,520
2025-07-24T01:38:44.2596237Z,d73abf3f-c874-4ba9-b4f5-13bb10f420d6,Cancel,Buy,19.92,0,0
2025-07-24T01:38:44.2696237Z,39627ca7-9521-4452-b1a7-8012c19f6d3c,Trade,Buy,20.04,1131,3214
2025-07-24T01:38:44.2796237Z,33916449-2ada-44c5-bce9-24fb904b7f8f,New,Buy,20.03,0,214
2025-07-24T01:38:44.2896237Z,dad68226-6b4e-4203-91f1-b360d9516b22,Trade,Buy,20.04,399,2726
2025-07-24T01:38:44.2896237Z,39627ca7-9521-4452-b1a7-8012c19f6d3c,Cancel,Buy,20.04,0,0
2025-07-24T01:38:44.2996237Z,001b58de-ba75-4a03-8005-17e5b7fbc370,New,Buy,20.02,0,12619
2025-07-24T01:38:44.3096237Z,95e2aa91-24e3-4367-88db-920d352ad077,New,Sell,20.05,0,278
2025-07-24T01:38:44.3196237Z,55f7f13d-146a-4ec2-9876-71afe0de3ac6,Trade,Buy,20.04,510,10
2025-07-24T01:38:44.3296237Z,6cf09af4-65d5-4fc8-a3e3-8cf632942d2d,Trade,Sell,20.05,241,0
2025-07-24T01:38:44.3296237Z,eb0dc34c-2660-41e8-9b27-4c3ebc0a0390,Trade,Sell,20.05,838,0
2025-07-24T01:38:44.3296237Z,fa2b517c-53f9-4017-8a32-b73985e83863,Trade,Sell,20.05,386,3479
2025-07-24T01:38:44.3396237Z,f0c847ef-3c78-4477-b697-013ae083f236,New,Buy,20.03,0,867
2025-07-24T01:38:44.3396237Z,20da08ae-2c31-46e1-9e97-e1e36421627c,Cancel,Sell,20.13,0,0
2025-07-24T01:38:44.3496237Z,2f54ccd4-1942-4122-a0be-546e1dc0bf6c,New,Buy,20.04,0,845
2025-07-24T01:38:44.3496237Z,4e086c74-55c4-4328-a1e5-6192360bf693,Cancel,Buy,20.02,0,0
2025-07-24T01:38:44.3596237Z,3304433d-a0ea-475c-a961-8886913978ae,New,Sell,20.07,0,635
2025-07-24T01:38:44.3696237Z,56998d46-3169-4085-ba32-f41f1a2ebcbc,New,Sell,20.07,0,452
2025-07-24T01:38:44.3796237Z,17fcf0c6-ca1c-45f4-8ac3-cd50f6b71f9a,New,Sell,20.05,0,3912
2025-07-24T01:38:44.3896237Z,60364688-673b-4cb6-bed0-0a9c5882eadf,New,Sell,20.05,0,402
2025-07-24T01:38:44.3896237Z,8112c4fd-4f13-410b-8c99-e4ed9a1cf6cd,Cancel,Sell,20.14,0,0
2025-07-24T01:38:44.3996237Z,0998375a-698a-497a-a216-fb1a755579ed,Trade,Sell,20.05,205,0
2025-07-24T01:38:44.3996237Z,2d5f3730-efde-43b0-864a-09632681a035,Trade,Sell,20.05,1026,5066
2025-07-24T01:38:44.3996237Z,c4e5bf62-477e-41f7-bc56-f0214c933915,Cancel,Sell,20.07,0,0
2025-07-24T01:38:44.4096237Z,98c5293b-8df5-4ad5-9b2b-e73ee3eab82a,Trade,Sell,20.05,145,444
2025-07-24T01:38:44.4196237Z,dad68226-6b4e-4203-91f1-b360d9516b22,Trade,Buy,20.04,427,2299
2025-07-24T01:38:44.4296237Z,4ef18f10-2e07-428e-b7a8-40bec6023d87,New,Sell,20.06,0,1413
2025-07-24T01:38:44.4396237Z,34c31552-eccb-443c-8319-0d2beeb5898c,New,Sell,20.06,0,758
2025-07-24T01:38:44.4496237Z,3ce60ddf-1db7-4595-876e-bf9e36d98267,New,Sell,20.06,0,447
2025-07-24T01:38:44.4596237Z,55f7f13d-146a-4ec2-9876-71afe0de3ac6,Trade,Buy,20.04,10,0
2025-07-24T01:38:44.4596237Z,2f54ccd4-1942-4122-a0be-546e1dc0bf6c,Trade,Buy,20.04,186,659
2025-07-24T01:38:44.4696237Z,95e2aa91-24e3-4367-88db-920d352ad077,Trade,Sell,20.05,278,0
2025-07-24T01:38:44.4696237Z,fa2b517c-53f9-4017-8a32-b73985e83863,Trade,Sell,20.05,3479,0
2025-07-24T01:38:44.4696237Z,17fcf0c6-ca1c-45f4-8ac3-cd50f6b71f9a,Trade,Sell,20.05,3912,0
2025-07-24T01:38:44.4696237Z,60364688-673b-4cb6-bed0-0a9c5882eadf,Trade,Sell,20.05,402,0
2025-07-24T01:38:44.4696237Z,2d5f3730-efde-43b0-864a-09632681a035,Trade,Sell,20.05,5066,0
2025-07-24T01:38:44.4696237Z,98c5293b-8df5-4ad5-9b2b-e73ee3eab82a,Trade,Sell,20.05,444,0
2025-07-24T01:38:44.4696237Z,e844b7b1-87d9-407b-8c6b-0a9ff072782e,Trade,Sell,20.06,2500,0
2025-07-24T01:38:44.4696237Z,aaf0b650-e6b7-4078-9940-8f9ea72402b9,Trade,Sell,20.06,744,0
2025-07-24T01:38:44.4696237Z,8dd67ee0-7bfe-409b-8b59-16e75932605f,Trade,Sell,20.06,625,0
2025-07-24T01:38:44.4696237Z,5551b2b3-9da3-4a7a-a178-389864ad9a23,Trade,Sell,20.06,267,0
2025-07-24T01:38:44.4696237Z,a78c68b3-3e4f-4a18-a5a8-db9cb4eae9be,Trade,Sell,20.06,867,0
2025-07-24T01:38:44.4696237Z,940f6d98-83d2-42b3-ba0f-f7dbcff8ae21,Trade,Sell,20.06,1743,0
2025-07-24T01:38:44.4696237Z,3fcf2141-6884-4941-8b39-a6575fd25c3f,Trade,Sell,20.06,97,0
2025-07-24T01:38:44.4696237Z,85a92069-e74b-49f8-99e0-a1a8d662cd2c,Trade,Sell,20.06,468,1486
2025-07-24T01:38:44.4796237Z,78ba7640-eea0-46eb-a1f1-db0d5419fb3f,New,Sell,20.07,0,2177
2025-07-24T01:38:44.4796237Z,34c31552-eccb-443c-8319-0d2beeb5898c,Cancel,Sell,20.06,0,0
2025-07-24T01:38:44.4796237Z,9a894a35-a562-4048-b07b-c74ac2cfe446,Cancel,Buy,19.96,0,0
2025-07-24T01:38:44.4896237Z,2a860907-5024-42e2-a9cb-a220112207ac,New,Sell,20.08,0,767
2025-07-24T01:38:44.4896237Z,214be88d-3788-4349-84a4-74adcf49a94f,Cancel,Sell,20.11,0,0
2025-07-24T01:38:44.4896237Z,7e625d2d-78eb-428c-8fb7-7943748c6a56,Cancel,Buy,20.04,0,0
2025-07-24T01:38:44.4996237Z,dad68226-6b4e-4203-91f1-b360d9516b22,Trade,Buy,20.04,1861,438
2025-07-24T01:38:44.5096237Z,723b1114-f94c-4902-b4b6-92aabe3623c9,New,Buy,20.01,0,13052
2025-07-24T01:38:44.5196237Z,4ef18f10-2e07-428e-b7a8-40bec6023d87,Trade,Sell,20.06,333,1080
2025-07-24T01:38:44.5196237Z,781e67ec-c067-415a-9de5-a67fd7164e51,Cancel,Sell,20.09,0,0
2025-07-24T01:38:44.5296237Z,2f54ccd4-1942-4122-a0be-546e1dc0bf6c,Trade,Buy,20.04,659,0
2025-07-24T01:38:44.5296237Z,947fb5be-2403-4c65-8df8-ba90ffb3d321,Trade,Buy,20.04,634,1866
2025-07-24T01:38:44.5396237Z,3ce60ddf-1db7-4595-876e-bf9e36d98267,Trade,Sell,20.06,447,0
2025-07-24T01:38:44.5396237Z,85a92069-e74b-49f8-99e0-a1a8d662cd2c,Trade,Sell,20.06,1486,0
2025-07-24T01:38:44.5396237Z,6f3a51bd-a828-406b-81a2-d3ac93fcee38,Trade,Sell,20.06,15,2485
2025-07-24T01:38:44.5496237Z,9d05c5ec-4451-4e24-bab1-2956f5af0ff7,New,Buy,20.05,0,1447
2025-07-24T01:38:44.5596237Z,9d05c5ec-4451-4e24-bab1-2956f5af0ff7,Trade,Buy,20.05,89,1358
2025-07-24T01:38:44.5596237Z,001b58de-ba75-4a03-8005-17e5b7fbc370,Cancel,Buy,20.02,0,0
2025-07-24T01:38:44.5696237Z,7416db02-a8e5-4a99-af08-a3c4ffbb6253,New,Buy,20.05,0,405
2025-07-24T01:38:44.5796237Z,4ef18f10-2e07-428e-b7a8-40bec6023d87,Trade,Sell,20.06,82,998
2025-07-24T01:38:44.5896237Z,102cc191-e1f1-424b-b28a-550c876fadfd,New,Sell,20.07,0,835
2025-07-24T01:38:44.5996237Z,7a357543-d044-464e-b490-ef83ef5034b6,New,Sell,20.06,0,699
2025-07-24T01:38:44.6096237Z,04bfa5ab-d751-41ff-96cf-b0cd1c137f42,New,Sell,20.06,0,530
2025-07-24T01:38:44.6196237Z,9d05c5ec-4451-4e24-bab1-2956f5af0ff7,Trade,Buy,20.05,1358,0
2025-07-24T01:38:44.6196237Z,7416db02-a8e5-4a99-af08-a3c4ffbb6253,Trade,Buy,20.05,405,0
2025-07-24T01:38:44.6196237Z,fc0be6fe-2636-4d08-9cc4-7b125fc25ad4,Trade,Buy,20.05,2500,0
2025-07-24T01:38:44.6196237Z,dad68226-6b4e-4203-91f1-b360d9516b22,Trade,Buy,20.04,438,0
2025-07-24T01:38:44.6196237Z,6298a480-59a4-4c10-8646-b980080c734a,Trade,Buy,20.04,2152,0
2025-07-24T01:38:44.6196237Z,d5518088-8219-4338-a5ef-57952e414215,Trade,Buy,20.03,286,27
2025-07-24T01:38:44.6296237Z,1fec99b9-31a5-42f4-8f6a-2306dad909e6,New,Buy,20.04,0,1550
2025-07-24T01:38:44.6396237Z,1fec99b9-31a5-42f4-8f6a-2306dad909e6,Trade,Buy,20.04,449,1101
2025-07-24T01:38:44.6496237Z,6a8cda6c-3e93-464c-864b-621bd0eb52ac,New,Sell,20.05,0,110
2025-07-24T01:38:44.6496237Z,9b490dea-0bbe-4eb8-97e0-4a1579e29525,Cancel,Buy,20.03,0,0
2025-07-24T01:38:44.6596237Z,6a8cda6c-3e93-464c-864b-621bd0eb52ac,Trade,Sell,20.05,110,0
2025-07-24T01:38:44.6596237Z,ed5a26c8-4ce8-4179-8f61-c3f97c526e80,Trade,Sell,20.06,1154,1346
2025-07-24T01:38:44.6596237Z,7a357543-d044-464e-b490-ef83ef5034b6,Cancel,Sell,20.06,0,0
2025-07-24T01:38:44.6696237Z,1fec99b9-31a5-42f4-8f6a-2306dad909e6,Trade,Buy,20.04,1101,0
2025-07-24T01:38:44.6696237Z,18cdbd74-b702-45dc-888a-72289c87b0ec,Trade,Buy,20.04,210,2290
2025-07-24T01:38:44.6796237Z,18cdbd74-b702-45dc-888a-72289c87b0ec,Trade,Buy,20.04,2290,0
2025-07-24T01:38:44.6796237Z,da659145-1670-4e05-ac73-e0912cfa9284,Trade,Buy,20.04,210,0
2025-07-24T01:38:44.6796237Z,73f54772-02b9-4e93-a8bb-7b8077256087,Trade,Buy,20.03,2258,1695
2025-07-24T01:38:44.6796237Z,4f6be5a6-5db6-4144-bc03-326f0969cb61,Cancel,Sell,20.12,0,0
2025-07-24T01:38:44.6896237Z,e54b50e7-1557-48ba-9a08-de2ff4f4660f,Trade,Buy,20.03,897,1603
2025-07-24T01:38:44.6996237Z,00ccdba2-b1c5-444f-afcf-fc132b41898b,New,Sell,20.06,0,883
2025-07-24T01:38:44.7096237Z,e54b50e7-1557-48ba-9a08-de2ff4f4660f,Trade,Buy,20.03,224,1379
2025-07-24T01:38:44.7196237Z,ef6762b2-a07c-4fa9-8c43-0af972391ae8,New,Buy,20.04,0,496
2025-07-24T01:38:44.7296237Z,eb29ddd6-900c-439f-94a2-84ff6525c4b2,New,Buy,20.04,0,1341
2025-07-24T01:38:44.7396237Z,16b51090-15e0-47d0-8fc9-12931714565c,Trade,Sell,20.06,421,2079
2025-07-24T01:38:44.7496237Z,5f117c99-91e7-4ade-9445-fa0cb3060d26,New,Sell,20.06,0,192
2025-07-24T01:38:44.7596237Z,0d8d7f07-1d41-4e82-b259-84d47877eecb,New,Buy,20.04,0,363
2025-07-24T01:38:44.7696237Z,eb572e7a-8ef5-40c5-bdd7-6209c8bb77cf,New,Buy,20.05,0,283
2025-07-24T01:38:44.7696237Z,b332cf4e-658c-4287-af10-0057cb73c852,Cancel,Buy,19.99,0,0
2025-07-24T01:38:44.7796237Z,7fb7d1b6-c35c-43de-a30d-50df8b2c457e,New,Buy,20.02,0,1253
2025-07-24T01:38:44.7896237Z,4ef18f10-2e07-428e-b7a8-40bec6023d87,Trade,Sell,20.06,998,0
2025-07-24T01:38:44.7896237Z,04bfa5ab-d751-41ff-96cf-b0cd1c137f42,Trade,Sell,20.06,530,0
2025-07-24T01:38:44.7896237Z,00ccdba2-b1c5-444f-afcf-fc132b41898b,Trade,Sell,20.06,255,628
2025-07-24T01:38:44.7996237Z,5f117c99-91e7-4ade-9445-fa0cb3060d26,Trade,Sell,20.06,192,0
2025-07-24T01:38:44.7996237Z,00ccdba2-b1c5-444f-afcf-fc132b41898b,Trade,Sell,20.06,573,55
2025-07-24T01:38:44.7996237Z,7426e3c2-5fe4-44a7-96b6-f3e983a3360d,Cancel,Sell,20.11,0,0
2025-07-24T01:38:44.8096237Z,d247711e-e9e9-4ab9-8388-3785db7fbdf8,New,Sell,20.06,0,10398
2025-07-24T01:38:44.8196237Z,eb572e7a-8ef5-40c5-bdd7-6209c8bb77cf,Trade,Buy,20.05,283,0
2025-07-24T01:38:44.8196237Z,6773f3b1-c48a-43c4-bd60-f337d7a08696,Trade,Buy,20.05,272,2228
2025-07-24T01:38:44.8296237Z,b9432556-19d9-4122-afda-28bcef411e6c,Trade,Buy,20.04,676,1824
2025-07-24T01:38:44.8396237Z,f8e616c7-10a8-41e7-9096-df5539613bb7,New,Buy,20.05,0,3429
2025-07-24T01:38:44.8396237Z,b8bad556-961b-4e90-a642-656f70465d7b,Cancel,Buy,20.03,0,0
2025-07-24T01:38:44.8496237Z,5d0ce77a-fdb3-415b-a88b-c931c4d8c7c0,New,Sell,20.07,0,3133
2025-07-24T01:38:44.8596237Z,f8e616c7-10a8-41e7-9096-df5539613bb7,Trade,Buy,20.05,1729,1700
2025-07-24T01:38:44.8696237Z,75e8b3ef-24c6-4c3e-ba22-5a57102624f8,New,Buy,20.04,0,694
2025-07-24T01:38:44.8796237Z,00ccdba2-b1c5-444f-afcf-fc132b41898b,Trade,Sell,20.06,55,0
2025-07-24T01:38:44.8796237Z,d247711e-e9e9-4ab9-8388-3785db7fbdf8,Trade,Sell,20.06,10398,0
2025-07-24T01:38:44.8796237Z,d723b8b1-d9f1-49db-836d-be50236530cf,Trade,Sell,20.07,1764,736
2025-07-24T01:38:44.8896237Z,4d858488-c812-41d6-ab0e-2288077cf1ee,New,Sell,20.09,0,3765
2025-07-24T01:38:44.8996237Z,f8e616c7-10a8-41e7-9096-df5539613bb7,Trade,Buy,20.05,1700,0
2025-07-24T01:38:44.8996237Z,352addbb-a5c0-4c9f-887e-bc1a1e6999ed,Trade,Buy,20.05,2394,106
2025-07-24T01:38:44.8996237Z,b3598952-4ec9-4ece-8138-bb4c6431e7eb,Cancel,Buy,20.02,0,0
2025-07-24T01:38:44.9096237Z,352addbb-a5c0-4c9f-887e-bc1a1e6999ed,Trade,Buy,20.05,106,0
2025-07-24T01:38:44.9096237Z,3ab99303-4fe8-4c8a-a18c-bbca4310f35f,Trade,Buy,20.05,2394,0
2025-07-24T01:38:44.9096237Z,ef6762b2-a07c-4fa9-8c43-0af972391ae8,Trade,Buy,20.04,496,0
2025-07-24T01:38:44.9096237Z,eb29ddd6-900c-439f-94a2-84ff6525c4b2,Trade,Buy,20.04,1341,0
2025-07-24T01:38:44.9096237Z,0d8d7f07-1d41-4e82-b259-84d47877eecb,Trade,Buy,20.04,363,0
2025-07-24T01:38:44.9096237Z,75e8b3ef-24c6-4c3e-ba22-5a57102624f8,Trade,Buy,20.04,694,0
2025-07-24T01:38:44.9096237Z,206d9fc5-a8f2-469a-98f8-b33aa4e65e01,Trade,Buy,20.04,2152,0
2025-07-24T01:38:44.9096237Z,45b795c1-170c-4322-b2c2-fa831143335b,Trade,Buy,20.03,1424,2043
2025-07-24T01:38:44.9196237Z,9e8420dd-4abf-4fbb-95b4-fa443a340760,Trade,Buy,20.04,1489,1011
2025-07-24T01:38:44.9296237Z,9e8420dd-4abf-4fbb-95b4-fa443a340760,Trade,Buy,20.04,1011,0
2025-07-24T01:38:44.9296237Z,829639a2-a4de-44a3-a205-7e37a5f8a88e,Trade,Buy,20.04,150,1339
2025-07-24T01:38:44.9296237Z,08a26d97-b6c6-4240-854d-0a48ebe44169,Cancel,Buy,19.96,0,0
2025-07-24T01:38:44.9396237Z,829639a2-a4de-44a3-a205-7e37a5f8a88e,Trade,Buy,20.04,1339,0
2025-07-24T01:38:44.9396237Z,43c4af8a-88e0-442b-8c39-677a2fb5cf6b,Trade,Buy,20.04,1161,0
2025-07-24T01:38:44.9396237Z,33916449-2ada-44c5-bce9-24fb904b7f8f,Trade,Buy,20.03,214,0
2025-07-24T01:38:44.9396237Z,f0c847ef-3c78-4477-b697-013ae083f236,Trade,Buy,20.03,867,0
2025-07-24T01:38:44.9396237Z,d5518088-8219-4338-a5ef-57952e414215,Trade,Buy,20.03,27,0
2025-07-24T01:38:44.9396237Z,73f54772-02b9-4e93-a8bb-7b8077256087,Trade,Buy,20.03,143,1552
2025-07-24T01:38:44.9496237Z,331bf397-8de3-410d-a950-b952359087a1,Trade,Sell,20.05,2500,0
2025-07-24T01:38:44.9496237Z,11eb5700-33c0-46cf-b963-99c88e8a1cf6,Trade,Sell,20.06,51,2101
2025-07-24T01:38:44.9596237Z,d96ba3c0-8a92-4e71-b9b2-2578b52e9468,New,Buy,20.03,0,1475
2025-07-24T01:38:44.9696237Z,980234c6-ff95-45ba-8985-c61e5679139b,Trade,Buy,20.04,498,2002
2025-07-24T01:38:44.9796237Z,faa6ab5a-7a14-4e4d-a0e0-f2d3a8b6b3fe,New,Sell,20.05,0,3343
2025-07-24T01:38:44.9896237Z,faa6ab5a-7a14-4e4d-a0e0-f2d3a8b6b3fe,Trade,Sell,20.05,320,3023
2025-07-24T01:38:44.9996237Z,e1461a80-9c96-47bb-9d2d-c80cd1c26d88,New,Sell,20.04,0,1527
2025-07-24T01:38:45.0096237Z,45b795c1-170c-4322-b2c2-fa831143335b,Trade,Buy,20.03,1478,565
2025-07-24T01:38:45.0196237Z,98a30150-660c-413f-8764-faf4ec3f9d65,New,Sell,20.04,0,336
2025-07-24T01:38:45.0296237Z,e1461a80-9c96-47bb-9d2d-c80cd1c26d88,Trade,Sell,20.04,1527,0
2025-07-24T01:38:45.0296237Z,98a30150-660c-413f-8764-faf4ec3f9d65,Trade,Sell,20.04,336,0
2025-07-24T01:38:45.0296237Z,d8d30bb4-4d41-4241-a761-f70dea6d85eb,Trade,Sell,20.05,2500,0
2025-07-24T01:38:45.0296237Z,faa6ab5a-7a14-4e4d-a0e0-f2d3a8b6b3fe,Trade,Sell,20.05,3023,0
2025-07-24T01:38:45.0296237Z,70c27f94-b316-48cc-b274-c663f67714bd,Trade,Sell,20.06,462,1690
2025-07-24T01:38:45.0396237Z,b5e6a0a7-d082-4ea9-8809-3a055ef8e454,Trade,Buy,20.03,425,2075
2025-07-24T01:38:45.0496237Z,bbaffc1a-cae1-4b8c-a349-70408382fa4b,New,Buy,20.03,0,1012
2025-07-24T01:38:45.0596237Z,b5e6a0a7-d082-4ea9-8809-3a055ef8e454,Trade,Buy,20.03,1060,1015
2025-07-24T01:38:45.0696237Z,84cd914a-ac96-4253-a793-3ac689f52ba7,Trade,Buy,20.03,425,0
2025-07-24T01:38:45.0696237Z,b5e6a0a7-d082-4ea9-8809-3a055ef8e454,Trade,Buy,20.03,1015,0
2025-07-24T01:38:45.0696237Z,270a903c-2e62-41ee-b883-5d1db0b65153,Trade,Buy,20.03,473,587
2025-07-24T01:38:45.0696237Z,7212bca8-6388-4f5b-98ae-7cb7fcae97ee,Cancel,Sell,20.06,0,0
2025-07-24T01:38:45.0796237Z,1691e762-18da-4a7d-8457-9354644220d9,Trade,Sell,20.05,2500,0
2025-07-24T01:38:45.0796237Z,71d1fada-ee01-4e1f-bc63-da8ff320b432,Trade,Sell,20.06,2152,0
2025-07-24T01:38:45.0796237Z,f7157b3b-6344-4754-bb10-46a6740b6f68,Trade,Sell,20.07,1016,0
2025-07-24T01:38:45.0796237Z,edad61df-6a4f-4383-8509-b362f64e0c23,Trade,Sell,20.07,2846,0
2025-07-24T01:38:45.0796237Z,fa253357-5724-407d-83b9-017a0ce837f5,Trade,Sell,20.07,1307,0
2025-07-24T01:38:45.0796237Z,3304433d-a0ea-475c-a961-8886913978ae,Trade,Sell,20.07,635,0
2025-07-24T01:38:45.0796237Z,56998d46-3169-4085-ba32-f41f1a2ebcbc,Trade,Sell,20.07,398,54
2025-07-24T01:38:45.0896237Z,81d0a5b9-df7b-471c-9223-73c9ea14924a,New,Sell,20.06,0,487
2025-07-24T01:38:45.0896237Z,f2a3fe02-2d7d-4f3d-a369-acfa51636440,Cancel,Buy,20.03,0,0
2025-07-24T01:38:45.0996237Z,0c7036dd-50bd-44b3-95a5-cfbd4ba56d43,New,Sell,20.07,0,1713
2025-07-24T01:38:45.1096237Z,9f03ba3d-85c8-4a47-a544-b6762372ab33,Trade,Buy,20.04,2500,0
2025-07-24T01:38:45.1096237Z,c80ec1c4-5860-4dd6-bd4b-df93b22988b2,Trade,Buy,20.03,310,1842
2025-07-24T01:38:45.1196237Z,70a70c3d-b11c-4bf2-be1d-9136f181700c,New,Buy,20.04,0,183
2025-07-24T01:38:45.1296237Z,3a2fa077-b2cb-4d3d-9151-9f9d5fb8d6ad,New,Sell,20.05,0,6733
2025-07-24T01:38:45.1396237Z,00f1d00d-a07f-4218-b549-6dac17113b9d,New,Sell,20.06,0,1233
2025-07-24T01:38:45.1496237Z,9806fad0-644b-4fa4-a193-e1b681558c95,New,Sell,20.06,0,2532
2025-07-24T01:38:45.1596237Z,51628eae-36d2-489c-aefa-6127a2755da5,New,Buy,20.04,0,932
2025-07-24T01:38:45.1696237Z,70a70c3d-b11c-4bf2-be1d-9136f181700c,Trade,Buy,20.04,183,0
2025-07-24T01:38:45.1696237Z,51628eae-36d2-489c-aefa-6127a2755da5,Trade,Buy,20.04,303,629
2025-07-24T01:38:45.1696237Z,102cc191-e1f1-424b-b28a-550c876fadfd,Cancel,Sell,20.07,0,0
2025-07-24T01:38:45.1796237Z,26006669-d1bb-4e1b-baa5-e0eef164cc76,New,Buy,20.03,0,16996
2025-07-24T01:38:45.1896237Z,876a27a0-0032-4984-af93-4ef81b57fe28,New,Buy,20.04,0,1901
2025-07-24T01:38:45.1996237Z,1d81a96f-05db-4192-9635-83d3b7feec21,New,Buy,20.04,0,1204
2025-07-24T01:38:45.2096237Z,c42239c8-3db2-4e9d-b97a-04fd90951f0c,New,Buy,20.04,0,652
2025-07-24T01:38:45.2196237Z,51628eae-36d2-489c-aefa-6127a2755da5,Trade,Buy,20.04,629,0
2025-07-24T01:38:45.2196237Z,876a27a0-0032-4984-af93-4ef81b57fe28,Trade,Buy,20.04,154,1747
2025-07-24T01:38:45.2296237Z,ad08e401-5ff3-4b26-89e3-0beae44627d5,New,Buy,20.04,0,1394
2025-07-24T01:38:45.2396237Z,0041a673-61e3-49a6-9444-e1f7120e2cfd,New,Buy,20.03,0,454
2025-07-24T01:38:45.2496237Z,1d81a96f-05db-4192-9635-83d3b7feec21,Trade,Buy,20.04,1204,0
2025-07-24T01:38:45.2496237Z,c42239c8-3db2-4e9d-b97a-04fd90951f0c,Trade,Buy,20.04,102,550
2025-07-24T01:38:45.2596237Z,3a2fa077-b2cb-4d3d-9151-9f9d5fb8d6ad,Trade,Sell,20.05,239,6494
2025-07-24T01:38:45.2696237Z,09c355f8-ffb0-4061-beae-b53c9bbb1ea9,New,Sell,20.06,0,238
2025-07-24T01:38:45.2796237Z,876a27a0-0032-4984-af93-4ef81b57fe28,Trade,Buy,20.04,1747,0
2025-07-24T01:38:45.2796237Z,ad08e401-5ff3-4b26-89e3-0beae44627d5,Trade,Buy,20.04,1244,150
2025-07-24T01:38:45.2896237Z,52bc27e2-0732-4dbb-8bad-e2f163db3b7a,New,Sell,20.05,0,2101
2025-07-24T01:38:45.2996237Z,3a2fa077-b2cb-4d3d-9151-9f9d5fb8d6ad,Trade,Sell,20.05,739,5755
2025-07-24T01:38:45.2996237Z,ad08e401-5ff3-4b26-89e3-0beae44627d5,Cancel,Buy,20.04,0,0
2025-07-24T01:38:45.3096237Z,c42239c8-3db2-4e9d-b97a-04fd90951f0c,Trade,Buy,20.04,540,10
2025-07-24T01:38:45.3096237Z,081e14a5-0c9d-4ad5-a1b6-f2a50eaf3c0d,Cancel,Sell,20.12,0,0
2025-07-24T01:38:45.3196237Z,52bc27e2-0732-4dbb-8bad-e2f163db3b7a,Trade,Sell,20.05,1185,916
2025-07-24T01:38:45.3196237Z,6a3d846b-de3b-48f2-acf2-fddec6d6adf4,Cancel,Buy,19.99,0,0
2025-07-24T01:38:45.3296237Z,1a89da65-03c2-425b-8ae9-3e729e4509c5,New,Sell,20.05,0,968
2025-07-24T01:38:45.3396237Z,2a7fe6f7-aba3-46ea-856c-6e9a74ac6ba0,New,Buy,20.03,0,3365
2025-07-24T01:38:45.3496237Z,e7a1c7e5-fc05-4c71-9b17-f9715fbfff4d,New,Sell,20.06,0,1944
2025-07-24T01:38:45.3596237Z,c42239c8-3db2-4e9d-b97a-04fd90951f0c,Trade,Buy,20.04,10,0
2025-07-24T01:38:45.3596237Z,be0657c9-30d6-4fff-a69d-c8c2dd39c153,Trade,Buy,20.04,2500,0
2025-07-24T01:38:45.3596237Z,73f54772-02b9-4e93-a8bb-7b8077256087,Trade,Buy,20.03,886,666
2025-07-24T01:38:45.3596237Z,f77d0400-e161-4055-bcdb-16c201b3146c,Cancel,Sell,20.10,0,0
2025-07-24T01:38:45.3696237Z,92fc87af-fb2f-4eb2-ab38-12ace6c0cca9,New,Sell,20.06,0,1878
2025-07-24T01:38:45.3796237Z,3a2fa077-b2cb-4d3d-9151-9f9d5fb8d6ad,Trade,Sell,20.05,3808,1947
2025-07-24T01:38:45.3796237Z,1a89da65-03c2-425b-8ae9-3e729e4509c5,Cancel,Sell,20.05,0,0
2025-07-24T01:38:45.3896237Z,e36da3be-9edf-4942-a070-f79cf7253e7a,New,Buy,20.03,0,674
2025-07-24T01:38:45.3996237Z,52bc27e2-0732-4dbb-8bad-e2f163db3b7a,Trade,Sell,20.05,916,0
2025-07-24T01:38:45.3996237Z,94130d2f-c37d-4e52-bdda-6d87d011e29b,Trade,Sell,20.05,415,2085
2025-07-24T01:38:45.4096237Z,d96ba3c0-8a92-4e71-b9b2-2578b52e9468,Trade,Buy,20.03,814,661
2025-07-24T01:38:45.4196237Z,45b795c1-170c-4322-b2c2-fa831143335b,Trade,Buy,20.03,147,418
2025-07-24T01:38:45.4296237Z,ed368ee9-8781-4dc8-b2f2-a964dd53cbdd,New,Sell,20.05,0,459
2025-07-24T01:38:45.4296237Z,723b1114-f94c-4902-b4b6-92aabe3623c9,Cancel,Buy,20.01,0,0
2025-07-24T01:38:45.4396237Z,3a2fa077-b2cb-4d3d-9151-9f9d5fb8d6ad,Trade,Sell,20.05,269,1678
2025-07-24T01:38:45.4496237Z,e1ce9c0a-129c-4718-b23d-f1a6e50a57a7,New,Sell,20.06,0,1173
2025-07-24T01:38:45.4596237Z,b78aba4a-d16c-406d-9dcc-2c0e0b29db9a,New,Buy,20.04,0,3310
2025-07-24T01:38:45.4596237Z,f0ab154d-d34e-4f58-8d39-7474eb64ec85,Cancel,Sell,20.11,0,0
2025-07-24T01:38:45.4696237Z,b78aba4a-d16c-406d-9dcc-2c0e0b29db9a,Trade,Buy,20.04,553,2757
2025-07-24T01:38:45.4796237Z,a443ead1-46bb-47ff-948b-d504b6462fc1,New,Buy,20.02,0,3888
2025-07-24T01:38:45.4896237Z,e7870826-bdc9-4bae-a47e-53d85604d3f4,New,Sell,20.08,0,315
2025-07-24T01:38:45.4896237Z,e1ce9c0a-129c-4718-b23d-f1a6e50a57a7,Cancel,Sell,20.06,0,0
2025-07-24T01:38:45.4996237Z,ed368ee9-8781-4dc8-b2f2-a964dd53cbdd,Trade,Sell,20.05,117,342
2025-07-24T01:38:45.5096237Z,32dfd39e-5cc6-4dbe-a730-743bc2278993,New,Buy,20.02,0,233
2025-07-24T01:38:45.5196237Z,5818f422-4407-4173-8c96-9cfc9084951c,New,Sell,20.06,0,438
2025-07-24T01:38:45.5296237Z,3a2fa077-b2cb-4d3d-9151-9f9d5fb8d6ad,Trade,Sell,20.05,185,1493
2025-07-24T01:38:45.5396237Z,d3ac08f0-d718-490f-8f78-27e050c8c5eb,New,Buy,20.03,0,1305
2025-07-24T01:38:45.5496237Z,b78aba4a-d16c-406d-9dcc-2c0e0b29db9a,Trade,Buy,20.04,671,2086
2025-07-24T01:38:45.5596237Z,ea73bdd4-a20b-42d5-8744-795da2bf59e4,New,Buy,20.02,0,2040
2025-07-24T01:38:45.5696237Z,a4ca3bca-226a-4917-9217-1b3f35d8c554,New,Sell,20.06,0,4292
2025-07-24T01:38:45.5796237Z,b78aba4a-d16c-406d-9dcc-2c0e0b29db9a,Trade,Buy,20.04,2086,0
2025-07-24T01:38:45.5796237Z,6abfd215-b781-4b9c-a79a-988d1315f376,Trade,Buy,20.04,370,2130
2025-07-24T01:38:45.5896237Z,c864a5b6-db4e-413f-8e3f-504708a27ee1,New,Buy,20.03,0,2360
2025-07-24T01:38:45.5996237Z,8d1c37a9-bb68-4aab-a03f-a3bc34c1632c,New,Sell,20.06,0,1832
2025-07-24T01:38:45.6096237Z,3af45ee2-1164-4d16-926a-f06d849783de,New,Sell,20.04,0,686
2025-07-24T01:38:45.6096237Z,411576d3-cc31-4e3e-b7c4-dca541946790,Cancel,Sell,20.14,0,0
2025-07-24T01:38:45.6196237Z,c35af4dd-e8cc-44c7-bc2e-686f93b6007b,New,Sell,20.04,0,1231
2025-07-24T01:38:45.6296237Z,6ba2e63b-38fd-4d0c-b8e2-dacb3d2fe418,New,Buy,20.02,0,7630
2025-07-24T01:38:45.6396237Z,bbaffc1a-cae1-4b8c-a349-70408382fa4b,Trade,Buy,20.03,80,932
2025-07-24T01:38:45.6496237Z,f7193090-caa6-49e1-a6d5-665b90c2a305,New,Buy,20.02,0,1336
2025-07-24T01:38:45.6496237Z,693ad0e3-763f-4f06-b872-e5718531363c,Cancel,Sell,20.07,0,0
2025-07-24T01:38:45.6496237Z,8d1c37a9-bb68-4aab-a03f-a3bc34c1632c,Cancel,Sell,20.06,0,0
2025-07-24T01:38:45.6496237Z,a39211e4-842f-4b4a-b509-68217fa7ea10,Cancel,Buy,19.99,0,0
2025-07-24T01:38:45.6596237Z,caaf086c-e384-4b86-8c2b-9381ce173d52,New,Buy,20.03,0,1656
2025-07-24T01:38:45.6696237Z,26006669-d1bb-4e1b-baa5-e0eef164cc76,Trade,Buy,20.03,7076,9920
2025-07-24T01:38:45.6796237Z,3af45ee2-1164-4d16-926a-f06d849783de,Trade,Sell,20.04,661,25
2025-07-24T01:38:45.6896237Z,53c5afb1-4647-4cd1-9f8e-07f3c644c965,New,Buy,20.01,0,131
2025-07-24T01:38:45.6996237Z,c35af4dd-e8cc-44c7-bc2e-686f93b6007b,Trade,Sell,20.04,1231,0
2025-07-24T01:38:45.6996237Z,3af45ee2-1164-4d16-926a-f06d849783de,Trade,Sell,20.04,25,0
2025-07-24T01:38:45.6996237Z,6182fbfd-5015-4b06-9139-0f9edd1f24b4,Trade,Sell,20.05,2500,0
2025-07-24T01:38:45.6996237Z,ed368ee9-8781-4dc8-b2f2-a964dd53cbdd,Trade,Sell,20.05,342,0
2025-07-24T01:38:45.6996237Z,3a2fa077-b2cb-4d3d-9151-9f9d5fb8d6ad,Trade,Sell,20.05,1493,0
2025-07-24T01:38:45.6996237Z,dce8f364-6f15-43cc-85ac-c6df7a6d272f,Trade,Sell,20.06,2152,0
2025-07-24T01:38:45.6996237Z,81d0a5b9-df7b-471c-9223-73c9ea14924a,Trade,Sell,20.06,487,0
2025-07-24T01:38:45.6996237Z,00f1d00d-a07f-4218-b549-6dac17113b9d,Trade,Sell,20.06,1233,0
2025-07-24T01:38:45.6996237Z,9806fad0-644b-4fa4-a193-e1b681558c95,Trade,Sell,20.06,2532,0
2025-07-24T01:38:45.6996237Z,09c355f8-ffb0-4061-beae-b53c9bbb1ea9,Trade,Sell,20.06,238,0
2025-07-24T01:38:45.6996237Z,e7a1c7e5-fc05-4c71-9b17-f9715fbfff4d,Trade,Sell,20.06,662,1282
2025-07-24T01:38:45.6996237Z,45b795c1-170c-4322-b2c2-fa831143335b,Cancel,Buy,20.03,0,0
2025-07-24T01:38:45.7096237Z,15dcd315-8a9c-4d27-adf9-d51d23cdfbb7,New,Sell,20.06,0,1515
2025-07-24T01:38:45.7196237Z,9a8491b5-f7c5-440b-9cc4-ba1a8587aae5,Trade,Buy,20.04,743,1757
2025-07-24T01:38:45.7296237Z,8747a01f-bcef-4d48-8420-983a713df517,Trade,Sell,20.06,2384,116
2025-07-24T01:38:45.7396237Z,8747a01f-bcef-4d48-8420-983a713df517,Trade,Sell,20.06,116,0
2025-07-24T01:38:45.7396237Z,118d290f-49e0-4e8e-909e-b8fadad86d0f,Trade,Sell,20.06,1303,1081
2025-07-24T01:38:45.7496237Z,9a8491b5-f7c5-440b-9cc4-ba1a8587aae5,Trade,Buy,20.04,194,1563
2025-07-24T01:38:45.7596237Z,0fbc7cd5-d89e-4a83-8653-6ef4c22941c2,New,Sell,20.05,0,1157
2025-07-24T01:38:45.7596237Z,59ad9b9e-a463-4610-b85b-1a21e833273d,Cancel,Buy,19.96,0,0
2025-07-24T01:38:45.7696237Z,eb75ec96-79d6-4047-a15e-28fdf606423a,New,Sell,20.04,0,257
2025-07-24T01:38:45.7796237Z,ee84dc28-50c2-4b47-8e19-0d5b0faa692b,New,Sell,20.04,0,881
2025-07-24T01:38:45.7796237Z,a10e8bc9-2cfb-4ea5-8c64-03835414540a,Cancel,Sell,20.08,0,0
2025-07-24T01:38:45.7896237Z,eb75ec96-79d6-4047-a15e-28fdf606423a,Trade,Sell,20.04,257,0
2025-07-24T01:38:45.7896237Z,ee84dc28-50c2-4b47-8e19-0d5b0faa692b,Trade,Sell,20.04,881,0
2025-07-24T01:38:45.7896237Z,f37a4658-9674-4b88-ae54-77bc480e3934,Trade,Sell,20.05,1039,1461
2025-07-24T01:38:45.7996237Z,82cc255a-d046-405a-af77-d1c9af7df76b,Trade,Sell,20.05,2500,0
2025-07-24T01:38:45.7996237Z,0fbc7cd5-d89e-4a83-8653-6ef4c22941c2,Trade,Sell,20.05,677,480
2025-07-24T01:38:45.7996237Z,854450fc-78cd-45ad-9e5a-cbc0be5b5432,Cancel,Buy,19.98,0,0
2025-07-24T01:38:45.7996237Z,0a56acb7-aa5d-4f50-ada8-706f472f7886,Cancel,Sell,20.14,0,0
2025-07-24T01:38:45.8096237Z,cb3a5836-54d2-4236-8dbc-82c2a4d4cb1d,New,Buy,20.04,0,905
2025-07-24T01:38:45.8196237Z,8f7797f9-f6cf-4fe4-85b6-8c3c05762699,New,Sell,20.06,0,251
2025-07-24T01:38:45.8296237Z,cb3a5836-54d2-4236-8dbc-82c2a4d4cb1d,Trade,Buy,20.04,733,172
2025-07-24T01:38:45.8396237Z,cb3a5836-54d2-4236-8dbc-82c2a4d4cb1d,Trade,Buy,20.04,172,0
2025-07-24T01:38:45.8396237Z,17fb780a-dbfb-4825-99c9-29efac021e0c,Trade,Buy,20.04,1771,729
2025-07-24T01:38:45.8396237Z,6ba2e63b-38fd-4d0c-b8e2-dacb3d2fe418,Cancel,Buy,20.02,0,0
2025-07-24T01:38:45.8496237Z,229b738c-4496-428c-9099-ff79ce929060,New,Buy,20.03,0,261
2025-07-24T01:38:45.8496237Z,df976e43-8fdd-4b09-8821-4df35068c1c8,Cancel,Sell,20.12,0,0
2025-07-24T01:38:45.8596237Z,0fbc7cd5-d89e-4a83-8653-6ef4c22941c2,Trade,Sell,20.05,127,353
2025-07-24T01:38:45.8696237Z,0800cdcb-9f26-40b9-8075-c38f02a912b0,New,Buy,20.02,0,9121
2025-07-24T01:38:45.8796237Z,c628e45b-6a1b-4fa6-aaa8-78e4b7bc42a2,New,Sell,20.04,0,1436
2025-07-24T01:38:45.8796237Z,5d0ce77a-fdb3-415b-a88b-c931c4d8c7c0,Cancel,Sell,20.07,0,0
2025-07-24T01:38:45.8896237Z,8a0084da-e93a-4ea0-a367-8a4d1b0ca91c,New,Sell,20.04,0,888
2025-07-24T01:38:45.8996237Z,0041a673-61e3-49a6-9444-e1f7120e2cfd,Trade,Buy,20.03,326,128
2025-07-24T01:38:45.8996237Z,f7193090-caa6-49e1-a6d5-665b90c2a305,Cancel,Buy,20.02,0,0
2025-07-24T01:38:45.9096237Z,9a929554-224c-446c-aecc-d4d7ef574bb4,New,Buy,20.02,0,1107
2025-07-24T01:38:45.9196237Z,2a7fe6f7-aba3-46ea-856c-6e9a74ac6ba0,Trade,Buy,20.03,418,2947
2025-07-24T01:38:45.9296237Z,0ef5378b-4bca-4e41-b150-edb10877d7f8,New,Sell,20.07,0,1788
2025-07-24T01:38:45.9396237Z,083e64ca-87c0-4fb6-aa40-14468d81615a,New,Sell,20.04,0,560
2025-07-24T01:38:45.9396237Z,c67cf7cf-fb2e-4a61-97c2-e7520855c0ee,Cancel,Sell,20.05,0,0
2025-07-24T01:38:45.9496237Z,c628e45b-6a1b-4fa6-aaa8-78e4b7bc42a2,Trade,Sell,20.04,1436,0
2025-07-24T01:38:45.9496237Z,8a0084da-e93a-4ea0-a367-8a4d1b0ca91c,Trade,Sell,20.04,414,474
2025-07-24T01:38:45.9596237Z,e6999dea-8243-4317-a3c9-5e04540a1082,New,Buy,20.03,0,510
2025-07-24T01:38:45.9696237Z,085f627d-eadb-4dc4-8413-0afd841aff56,New,Buy,20.03,0,1934
2025-07-24T01:38:45.9796237Z,662c2c59-7e8c-4ca0-b9d1-06888330948d,New,Buy,20.01,0,19308
2025-07-24T01:38:45.9896237Z,b3e060d0-a94a-4b94-8ead-679c0264b1b0,New,Buy,20.03,0,317
2025-07-24T01:38:45.9896237Z,83a555a7-d7e6-40da-98e0-dbd643c80cb5,Cancel,Buy,20.01,0,0
2025-07-24T01:38:45.9996237Z,083e64ca-87c0-4fb6-aa40-14468d81615a,Trade,Sell,20.04,560,0
2025-07-24T01:38:45.9996237Z,8a0084da-e93a-4ea0-a367-8a4d1b0ca91c,Trade,Sell,20.04,81,393
2025-07-24T01:38:46.0096237Z,3ee3f706-555f-4302-9d64-460c4c0b658c,New,Sell,20.06,0,280
2025-07-24T01:38:46.0196237Z,8a0084da-e93a-4ea0-a367-8a4d1b0ca91c,Trade,Sell,20.04,393,0
2025-07-24T01:38:46.0196237Z,37e0ba1b-caa5-4272-a676-3457b960d728,Trade,Sell,20.05,249,2251
2025-07-24T01:38:46.0296237Z,d2febde9-bee4-49a2-bfc0-24ced457fbd0,New,Sell,20.06,0,3315
2025-07-24T01:38:46.0396237Z,6ded7375-f50c-4fbf-8735-f8d874394e98,New,Buy,20.03,0,1578
2025-07-24T01:38:46.0396237Z,0fbc7cd5-d89e-4a83-8653-6ef4c22941c2,Cancel,Sell,20.05,0,0
2025-07-24T01:38:46.0496237Z,2b6636f6-fe04-45ea-96a6-77470ba00faa,New,Buy,20.02,0,1693
2025-07-24T01:38:46.0496237Z,bbaffc1a-cae1-4b8c-a349-70408382fa4b,Cancel,Buy,20.03,0,0
2025-07-24T01:38:46.0496237Z,d96ba3c0-8a92-4e71-b9b2-2578b52e9468,Cancel,Buy,20.03,0,0
2025-07-24T01:38:46.0496237Z,229b738c-4496-428c-9099-ff79ce929060,Cancel,Buy,20.03,0,0
2025-07-24T01:38:46.0596237Z,281534fa-cf8f-4831-8511-4991dab284fe,New,Sell,20.05,0,1014
2025-07-24T01:38:46.0596237Z,b843a412-e63d-43dd-9201-0f17c6704000,Cancel,Buy,19.94,0,0
2025-07-24T01:38:46.0696237Z,f11c7ded-79f7-4a22-bb33-15d07361c686,New,Buy,20.04,0,4057
2025-07-24T01:38:46.0696237Z,8557306a-5b87-479a-bb5b-19b68bd0f404,Cancel,Buy,19.91,0,0
2025-07-24T01:38:46.0796237Z,f11c7ded-79f7-4a22-bb33-15d07361c686,Trade,Buy,20.04,1718,2339
2025-07-24T01:38:46.0796237Z,085f627d-eadb-4dc4-8413-0afd841aff56,Cancel,Buy,20.03,0,0
2025-07-24T01:38:46.0896237Z,c13f48a2-600c-412e-b405-7e1efde66b81,New,Sell,20.06,0,2932
2025-07-24T01:38:46.0996237Z,9d508950-6051-4005-a461-9439a74b6a40,New,Buy,20.01,0,2551
2025-07-24T01:38:46.0996237Z,53c5afb1-4647-4cd1-9f8e-07f3c644c965,Cancel,Buy,20.01,0,0
2025-07-24T01:38:46.1096237Z,281534fa-cf8f-4831-8511-4991dab284fe,Trade,Sell,20.05,917,97
2025-07-24T01:38:46.1196237Z,f11c7ded-79f7-4a22-bb33-15d07361c686,Trade,Buy,20.04,585,1754
2025-07-24T01:38:46.1296237Z,281534fa-cf8f-4831-8511-4991dab284fe,Trade,Sell,20.05,97,0
2025-07-24T01:38:46.1296237Z,b192c3cf-0238-4a10-b575-669e80231f68,Trade,Sell,20.06,454,2046
2025-07-24T01:38:46.1396237Z,894a33ba-28c0-4569-a9ad-74a1519bb0af,New,Sell,20.07,0,138
2025-07-24T01:38:46.1496237Z,f11c7ded-79f7-4a22-bb33-15d07361c686,Trade,Buy,20.04,1754,0
2025-07-24T01:38:46.1496237Z,bb074832-a094-45b7-9793-4dfbd9bba77b,Trade,Buy,20.04,244,2256
2025-07-24T01:38:46.1496237Z,edc2c90c-b3b5-40f2-ae3a-446d2c6b3ffc,Cancel,Buy,19.96,0,0
2025-07-24T01:38:46.1596237Z,b820dc51-e302-4ffc-a7af-11acc83295e0,New,Buy,20.04,0,1127
2025-07-24T01:38:46.1696237Z,8df2ac8a-bfbb-4c28-b1a4-febddae33d47,New,Sell,20.05,0,190
2025-07-24T01:38:46.1796237Z,8df2ac8a-bfbb-4c28-b1a4-febddae33d47,Trade,Sell,20.05,190,0
2025-07-24T01:38:46.1796237Z,36dcc6a2-9126-4207-8724-d755531427b8,Trade,Sell,20.06,2500,0
2025-07-24T01:38:46.1796237Z,92fc87af-fb2f-4eb2-ab38-12ace6c0cca9,Trade,Sell,20.06,19,1859
2025-07-24T01:38:46.1896237Z,ff9efdbb-3520-430a-b676-07d4df54f949,New,Sell,20.07,0,5421
2025-07-24T01:38:46.1896237Z,0800cdcb-9f26-40b9-8075-c38f02a912b0,Cancel,Buy,20.02,0,0
2025-07-24T01:38:46.1996237Z,5818f422-4407-4173-8c96-9cfc9084951c,Trade,Sell,20.06,438,0
2025-07-24T01:38:46.1996237Z,a4ca3bca-226a-4917-9217-1b3f35d8c554,Trade,Sell,20.06,1055,3237
2025-07-24T01:38:46.2096237Z,e7c7aaef-de68-4e0d-9851-2acadd498f4a,New,Sell,20.05,0,1051
2025-07-24T01:38:46.2196237Z,e7c7aaef-de68-4e0d-9851-2acadd498f4a,Trade,Sell,20.05,1022,29
2025-07-24T01:38:46.2196237Z,e7870826-bdc9-4bae-a47e-53d85604d3f4,Cancel,Sell,20.08,0,0
2025-07-24T01:38:46.2296237Z,b2797307-98f8-4c9e-a967-5cc79db6b8df,New,Sell,20.06,0,1396
2025-07-24T01:38:46.2296237Z,5846b1dd-22a2-4cd3-a778-a743ab51f571,Cancel,Sell,20.09,0,0
2025-07-24T01:38:46.2396237Z,e7c7aaef-de68-4e0d-9851-2acadd498f4a,Trade,Sell,20.05,29,0
2025-07-24T01:38:46.2396237Z,5aa5b993-e3b7-4ca6-b437-232653dc2959,Trade,Sell,20.06,2500,0
2025-07-24T01:38:46.2396237Z,e7a1c7e5-fc05-4c71-9b17-f9715fbfff4d,Trade,Sell,20.06,79,1203
2025-07-24T01:38:46.2396237Z,56998d46-3169-4085-ba32-f41f1a2ebcbc,Cancel,Sell,20.07,0,0
2025-07-24T01:38:46.2496237Z,b820dc51-e302-4ffc-a7af-11acc83295e0,Trade,Buy,20.04,1127,0
2025-07-24T01:38:46.2496237Z,b57f069d-c459-4309-8308-8ea746015eee,Trade,Buy,20.04,1926,574
2025-07-24T01:38:46.2596237Z,15dcd315-8a9c-4d27-adf9-d51d23cdfbb7,Trade,Sell,20.06,1515,0
2025-07-24T01:38:46.2596237Z,8f7797f9-f6cf-4fe4-85b6-8c3c05762699,Trade,Sell,20.06,251,0
2025-07-24T01:38:46.2596237Z,3ee3f706-555f-4302-9d64-460c4c0b658c,Trade,Sell,20.06,280,0
2025-07-24T01:38:46.2596237Z,d2febde9-bee4-49a2-bfc0-24ced457fbd0,Trade,Sell,20.06,711,2604
2025-07-24T01:38:46.2596237Z,b2797307-98f8-4c9e-a967-5cc79db6b8df,Cancel,Sell,20.06,0,0
2025-07-24T01:38:46.2696237Z,c7f239d7-c981-4293-9489-1f13989a646e,New,Buy,20.04,0,298
2025-07-24T01:38:46.2696237Z,2b6636f6-fe04-45ea-96a6-77470ba00faa,Cancel,Buy,20.02,0,0
2025-07-24T01:38:46.2796237Z,c13f48a2-600c-412e-b405-7e1efde66b81,Trade,Sell,20.06,1673,1259
2025-07-24T01:38:46.2896237Z,b57f069d-c459-4309-8308-8ea746015eee,Trade,Buy,20.04,121,453
2025-07-24T01:38:46.2996237Z,bbba7adf-490b-4cf0-986f-b997dc12fa35,New,Buy,20.04,0,1069
2025-07-24T01:38:46.3096237Z,73567f1f-b239-45b2-bbaf-a9a962e29360,New,Sell,20.06,0,26195
2025-07-24T01:38:46.3196237Z,ddec8a0b-2cb4-42cd-afdb-53919322e8b1,Trade,Buy,20.04,1080,846
2025-07-24T01:38:46.3296237Z,77ddcb5e-34f6-4496-8655-83e750ce9f08,New,Buy,20.04,0,342
2025-07-24T01:38:46.3296237Z,8e463fd4-5056-4a6c-80ae-271686a9a17a,Cancel,Sell,20.08,0,0
2025-07-24T01:38:46.3396237Z,7884ea06-5ab0-4eca-bc50-7c80f1d3f472,New,Sell,20.07,0,483
2025-07-24T01:38:46.3396237Z,73f54772-02b9-4e93-a8bb-7b8077256087,Cancel,Buy,20.03,0,0
2025-07-24T01:38:46.3496237Z,92fc87af-fb2f-4eb2-ab38-12ace6c0cca9,Trade,Sell,20.06,878,981
2025-07-24T01:38:46.3596237Z,d283b208-3b20-4e8d-b2ec-97bd26cfea10,New,Buy,20.04,0,231
2025-07-24T01:38:46.3696237Z,c7f239d7-c981-4293-9489-1f13989a646e,Trade,Buy,20.04,298,0
2025-07-24T01:38:46.3696237Z,b57f069d-c459-4309-8308-8ea746015eee,Trade,Buy,20.04,453,0
2025-07-24T01:38:46.3696237Z,befde1af-35d6-4611-b2dd-e5359b3c1d9a,Trade,Buy,20.04,121,0
2025-07-24T01:38:46.3696237Z,bbba7adf-490b-4cf0-986f-b997dc12fa35,Trade,Buy,20.04,1069,0
2025-07-24T01:38:46.3696237Z,ddec8a0b-2cb4-42cd-afdb-53919322e8b1,Trade,Buy,20.04,674,172
2025-07-24T01:38:46.3796237Z,a4ca3bca-226a-4917-9217-1b3f35d8c554,Trade,Sell,20.06,340,2897
2025-07-24T01:38:46.3896237Z,1f5ea8a6-5d76-4aa1-9ecd-626e746b9bad,New,Sell,20.06,0,114
2025-07-24T01:38:46.3996237Z,e7a1c7e5-fc05-4c71-9b17-f9715fbfff4d,Trade,Sell,20.06,1203,0
2025-07-24T01:38:46.3996237Z,08c2c6c1-57c4-4ed0-9a0e-01b7a79c65e8,Trade,Sell,20.06,23,2477
2025-07-24T01:38:46.4096237Z,5b321fe2-b473-4cb8-a901-64c976c15306,New,Sell,20.06,0,691
2025-07-24T01:38:46.4196237Z,d2febde9-bee4-49a2-bfc0-24ced457fbd0,Trade,Sell,20.06,2604,0
2025-07-24T01:38:46.4196237Z,c13f48a2-600c-412e-b405-7e1efde66b81,Trade,Sell,20.06,1259,0
2025-07-24T01:38:46.4196237Z,73567f1f-b239-45b2-bbaf-a9a962e29360,Trade,Sell,20.06,8416,17779
2025-07-24T01:38:46.4296237Z,c2cde725-9dae-4207-bf95-1dd425272591,New,Sell,20.06,0,2389
2025-07-24T01:38:46.4396237Z,44a10fd4-117d-4e23-83bc-6295faf98233,New,Buy,20.04,0,720
2025-07-24T01:38:46.4496237Z,92fc87af-fb2f-4eb2-ab38-12ace6c0cca9,Trade,Sell,20.06,981,0
2025-07-24T01:38:46.4496237Z,a4ca3bca-226a-4917-9217-1b3f35d8c554,Trade,Sell,20.06,2897,0
2025-07-24T01:38:46.4496237Z,1f5ea8a6-5d76-4aa1-9ecd-626e746b9bad,Trade,Sell,20.06,114,0
2025-07-24T01:38:46.4496237Z,08c2c6c1-57c4-4ed0-9a0e-01b7a79c65e8,Trade,Sell,20.06,2477,0
2025-07-24T01:38:46.4496237Z,f6936fa8-b160-4893-88e6-a0e259e825a6,Trade,Sell,20.06,23,0
2025-07-24T01:38:46.4496237Z,5b321fe2-b473-4cb8-a901-64c976c15306,Trade,Sell,20.06,691,0
2025-07-24T01:38:46.4496237Z,73567f1f-b239-45b2-bbaf-a9a962e29360,Trade,Sell,20.06,1631,16148
2025-07-24T01:38:46.4596237Z,c2cde725-9dae-4207-bf95-1dd425272591,Trade,Sell,20.06,2389,0
2025-07-24T01:38:46.4596237Z,73567f1f-b239-45b2-bbaf-a9a962e29360,Trade,Sell,20.06,490,15658
2025-07-24T01:38:46.4696237Z,7c75f369-ba2f-4b95-9b6d-c140950d4325,New,Buy,20.04,0,3140
2025-07-24T01:38:46.4796237Z,bf1afcf7-e07d-4ae3-be65-faf6d9db474a,New,Buy,20.05,0,1931
2025-07-24T01:38:46.4896237Z,42e63779-1f81-499c-87e3-ff8c9f84ca82,New,Sell,20.10,0,2232
2025-07-24T01:38:46.4896237Z,c831322a-a580-47fd-ba18-ea641503902c,Cancel,Buy,19.99,0,0
2025-07-24T01:38:46.4996237Z,bf1afcf7-e07d-4ae3-be65-faf6d9db474a,Trade,Buy,20.05,1406,525
2025-07-24T01:38:46.4996237Z,e318f754-f6ab-423b-86d2-8a0122658abc,Cancel,Sell,20.15,0,0
2025-07-24T01:38:46.4996237Z,ae53a639-a48e-487f-a6b9-e7498697b02e,Cancel,Sell,20.13,0,0
2025-07-24T01:38:46.5096237Z,5ac5720a-0357-4662-907f-6babd3b1509d,New,Sell,20.06,0,835
2025-07-24T01:38:46.5096237Z,b3e060d0-a94a-4b94-8ead-679c0264b1b0,Cancel,Buy,20.03,0,0
2025-07-24T01:38:46.5196237Z,af74f947-8121-4ec6-9afb-1f50b580fce1,New,Sell,20.06,0,361
2025-07-24T01:38:46.5296237Z,4a53b21d-b6a1-4a8a-a94e-91f294811bf8,New,Buy,20.04,0,21856
2025-07-24T01:38:46.5396237Z,73567f1f-b239-45b2-bbaf-a9a962e29360,Trade,Sell,20.06,1614,14044
2025-07-24T01:38:46.5496237Z,5ac5720a-0357-4662-907f-6babd3b1509d,Trade,Sell,20.06,752,83
2025-07-24T01:38:46.5596237Z,af74f947-8121-4ec6-9afb-1f50b580fce1,Trade,Sell,20.06,361,0
2025-07-24T01:38:46.5596237Z,73567f1f-b239-45b2-bbaf-a9a962e29360,Trade,Sell,20.06,142,13902
2025-07-24T01:38:46.5696237Z,0dbbfb82-ca74-487d-88ba-4a41d721cac5,New,Buy,20.04,0,165
2025-07-24T01:38:46.5796237Z,aa081c99-7e4e-4b38-9253-48fe9619dc6d,New,Sell,20.07,0,1829
2025-07-24T01:38:46.5896237Z,5ac5720a-0357-4662-907f-6babd3b1509d,Trade,Sell,20.06,83,0
2025-07-24T01:38:46.5896237Z,73567f1f-b239-45b2-bbaf-a9a962e29360,Trade,Sell,20.06,821,13081
2025-07-24T01:38:46.5996237Z,bf1afcf7-e07d-4ae3-be65-faf6d9db474a,Trade,Buy,20.05,198,327
2025-07-24T01:38:46.6096237Z,73567f1f-b239-45b2-bbaf-a9a962e29360,Trade,Sell,20.06,684,12397
2025-07-24T01:38:46.6096237Z,78ba7640-eea0-46eb-a1f1-db0d5419fb3f,Cancel,Sell,20.07,0,0
2025-07-24T01:38:46.6196237Z,5a6d2b5c-8512-4211-8660-161ea22fba67,New,Buy,20.04,0,233
2025-07-24T01:38:46.6196237Z,44a10fd4-117d-4e23-83bc-6295faf98233,Cancel,Buy,20.04,0,0
2025-07-24T01:38:46.6196237Z,b635c813-231b-4538-8d73-3cb95ddeb274,Cancel,Buy,19.98,0,0
2025-07-24T01:38:46.6296237Z,bf1afcf7-e07d-4ae3-be65-faf6d9db474a,Trade,Buy,20.05,327,0
2025-07-24T01:38:46.6296237Z,57f634a4-f80c-4ce3-a1ac-fa82bb65e75f,Trade,Buy,20.05,2094,406
2025-07-24T01:38:46.6396237Z,cfda99c2-8e92-418a-8abb-a94ad1afe067,New,Buy,20.04,0,144
2025-07-24T01:38:46.6496237Z,e415cf75-c0c7-45de-88a7-4da5be4b95ac,New,Sell,20.05,0,414
2025-07-24T01:38:46.6596237Z,5916dcda-12ee-44c2-9ab0-f1f59486af9e,New,Sell,20.08,0,3006
2025-07-24T01:38:46.6696237Z,e415cf75-c0c7-45de-88a7-4da5be4b95ac,Trade,Sell,20.05,414,0
2025-07-24T01:38:46.6696237Z,f1b53453-471b-4746-bdb5-2d3423204af0,Trade,Sell,20.06,152,2348
2025-07-24T01:38:46.6796237Z,a7b36f2e-058c-4511-9a95-78c8b0457bf8,Trade,Sell,20.06,209,2291
2025-07-24T01:38:46.6896237Z,a963b47e-4db0-46a3-8587-50e0092fde62,Trade,Sell,20.06,1405,1095
2025-07-24T01:38:46.6996237Z,e49390f1-a15d-4377-a53e-ea341d751068,Trade,Sell,20.06,2500,0
2025-07-24T01:38:46.6996237Z,73567f1f-b239-45b2-bbaf-a9a962e29360,Trade,Sell,20.06,55,12342
2025-07-24T01:38:46.7096237Z,73567f1f-b239-45b2-bbaf-a9a962e29360,Trade,Sell,20.06,805,11537
2025-07-24T01:38:46.7196237Z,1f6acb98-54f3-4900-ae12-b3ec116533b5,New,Buy,20.04,0,224
2025-07-24T01:38:46.7296237Z,68e0ed63-0532-4937-9054-2b1699d132ae,New,Sell,20.05,0,844
2025-07-24T01:38:46.7396237Z,77ddcb5e-34f6-4496-8655-83e750ce9f08,Trade,Buy,20.04,342,0
2025-07-24T01:38:46.7396237Z,d283b208-3b20-4e8d-b2ec-97bd26cfea10,Trade,Buy,20.04,231,0
2025-07-24T01:38:46.7396237Z,7c75f369-ba2f-4b95-9b6d-c140950d4325,Trade,Buy,20.04,3140,0
2025-07-24T01:38:46.7396237Z,4a53b21d-b6a1-4a8a-a94e-91f294811bf8,Trade,Buy,20.04,4254,17602
2025-07-24T01:38:46.7496237Z,b6d9c712-37e3-49ad-ab3d-97f7edc3d6a1,New,Sell,20.07,0,1288
2025-07-24T01:38:46.7596237Z,3aa7fe04-60d3-46a9-9c44-26dd406a021e,New,Sell,20.06,0,2903
2025-07-24T01:38:46.7696237Z,83fc72f0-d7ee-45f0-898d-7d2bcfedad2e,New,Buy,20.04,0,777
2025-07-24T01:38:46.7696237Z,cfda99c2-8e92-418a-8abb-a94ad1afe067,Cancel,Buy,20.04,0,0
2025-07-24T01:38:46.7796237Z,0dbbfb82-ca74-487d-88ba-4a41d721cac5,Trade,Buy,20.04,165,0
2025-07-24T01:38:46.7796237Z,5a6d2b5c-8512-4211-8660-161ea22fba67,Trade,Buy,20.04,233,0
2025-07-24T01:38:46.7796237Z,1f6acb98-54f3-4900-ae12-b3ec116533b5,Trade,Buy,20.04,224,0
2025-07-24T01:38:46.7796237Z,4a53b21d-b6a1-4a8a-a94e-91f294811bf8,Trade,Buy,20.04,3841,13761
2025-07-24T01:38:46.7896237Z,68e0ed63-0532-4937-9054-2b1699d132ae,Trade,Sell,20.05,736,108
2025-07-24T01:38:46.7996237Z,a339d3cc-3bd9-406f-ba28-f8feea8a778e,New,Sell,20.05,0,2006
2025-07-24T01:38:46.8096237Z,83fc72f0-d7ee-45f0-898d-7d2bcfedad2e,Trade,Buy,20.04,180,597
2025-07-24T01:38:46.8196237Z,68e0ed63-0532-4937-9054-2b1699d132ae,Trade,Sell,20.05,108,0
2025-07-24T01:38:46.8196237Z,a339d3cc-3bd9-406f-ba28-f8feea8a778e,Trade,Sell,20.05,1315,691
2025-07-24T01:38:46.8196237Z,32dfd39e-5cc6-4dbe-a730-743bc2278993,Cancel,Buy,20.02,0,0
2025-07-24T01:38:46.8296237Z,fad3e2f9-6fe7-4eb1-bb25-ed50a6b4c828,New,Buy,20.03,0,494
2025-07-24T01:38:46.8396237Z,3e359f5b-5ec3-44c1-9bc1-3fc197ea976e,New,Buy,20.04,0,939
2025-07-24T01:38:46.8496237Z,a339d3cc-3bd9-406f-ba28-f8feea8a778e,Trade,Sell,20.05,651,40
2025-07-24T01:38:46.8596237Z,5ee135e0-be06-4f2e-b99a-cc2693741d34,New,Buy,20.03,0,758
2025-07-24T01:38:46.8696237Z,a339d3cc-3bd9-406f-ba28-f8feea8a778e,Trade,Sell,20.05,40,0
2025-07-24T01:38:46.8696237Z,b77bb185-a5b0-40e3-a819-35eb13a84ef5,Trade,Sell,20.06,2055,445
2025-07-24T01:38:46.8796237Z,61e5c490-600b-45d1-a8d7-07929998ae79,Trade,Sell,20.06,1964,536
2025-07-24T01:38:46.8896237Z,35439e44-451e-4647-bf9c-9abd33516abc,New,Buy,20.03,0,666
2025-07-24T01:38:46.8896237Z,3e359f5b-5ec3-44c1-9bc1-3fc197ea976e,Cancel,Buy,20.04,0,0
2025-07-24T01:38:46.8996237Z,4a53b21d-b6a1-4a8a-a94e-91f294811bf8,Trade,Buy,20.04,352,13409
2025-07-24T01:38:46.9096237Z,2ec361d4-32eb-477a-8ae4-2b82edf050dd,Trade,Sell,20.06,354,2146
2025-07-24T01:38:46.9196237Z,83fc72f0-d7ee-45f0-898d-7d2bcfedad2e,Trade,Buy,20.04,597,0
2025-07-24T01:38:46.9196237Z,4a53b21d-b6a1-4a8a-a94e-91f294811bf8,Trade,Buy,20.04,359,13050
2025-07-24T01:38:46.9296237Z,d9c00096-e1c1-42e0-82e6-f55d7af06092,Trade,Sell,20.06,711,1789
2025-07-24T01:38:46.9396237Z,72e5b03f-9628-4831-b1b3-bd9d18dd7acd,Trade,Sell,20.06,194,2306
2025-07-24T01:38:46.9396237Z,4d858488-c812-41d6-ab0e-2288077cf1ee,Cancel,Sell,20.09,0,0
2025-07-24T01:38:46.9496237Z,4a53b21d-b6a1-4a8a-a94e-91f294811bf8,Trade,Buy,20.04,1512,11538
2025-07-24T01:38:46.9496237Z,6ded7375-f50c-4fbf-8735-f8d874394e98,Cancel,Buy,20.03,0,0
2025-07-24T01:38:46.9596237Z,ddc40475-5d15-4d36-b63b-41cdf76bc9c7,New,Buy,20.03,0,733
2025-07-24T01:38:46.9696237Z,2ab3b0eb-e37c-4dac-b846-f1e1d9669af3,Trade,Sell,20.06,287,2213
2025-07-24T01:38:46.9796237Z,11a47641-a723-4140-a939-b17aaa0402a9,Trade,Sell,20.06,2159,341
2025-07-24T01:38:46.9896237Z,4a53b21d-b6a1-4a8a-a94e-91f294811bf8,Trade,Buy,20.04,1896,9642
2025-07-24T01:38:46.9896237Z,ddc40475-5d15-4d36-b63b-41cdf76bc9c7,Cancel,Buy,20.03,0,0
2025-07-24T01:38:46.9996237Z,bc090000-0177-40fb-b3c4-b04f6dc8d68e,Trade,Sell,20.06,179,2321
2025-07-24T01:38:46.9996237Z,0c7036dd-50bd-44b3-95a5-cfbd4ba56d43,Cancel,Sell,20.07,0,0
2025-07-24T01:38:47.0096237Z,4a53b21d-b6a1-4a8a-a94e-91f294811bf8,Trade,Buy,20.04,1805,7837
2025-07-24T01:38:47.0196237Z,84e1667c-d5d6-4af3-be08-e49f665a88d6,New,Sell,20.07,0,731
2025-07-24T01:38:47.0296237Z,25d1107b-500c-4dcc-9b35-2e5381e0f285,New,Buy,20.03,0,2536
2025-07-24T01:38:47.0396237Z,aedf3b03-d356-448a-afb8-6f32c1cbaeb6,Trade,Sell,20.06,1167,1333
2025-07-24T01:38:47.0396237Z,42027a5d-76e4-490e-af98-94d1c9513baa,Cancel,Sell,20.13,0,0
2025-07-24T01:38:47.0396237Z,2a860907-5024-42e2-a9cb-a220112207ac,Cancel,Sell,20.08,0,0
2025-07-24T01:38:47.0496237Z,6c3987f8-dd91-4cd4-80f7-7b4da29c1a04,New,Sell,20.07,0,632
2025-07-24T01:38:47.0596237Z,4a53b21d-b6a1-4a8a-a94e-91f294811bf8,Trade,Buy,20.04,416,7421
2025-07-24T01:38:47.0696237Z,4d872004-da41-416e-84c1-d52acc311d36,New,Sell,20.08,0,271
2025-07-24T01:38:47.0796237Z,1e0f7a0c-21c4-4ab2-9c4f-a9cf0aad31d2,New,Sell,20.07,0,1035
2025-07-24T01:38:47.0896237Z,4a53b21d-b6a1-4a8a-a94e-91f294811bf8,Trade,Buy,20.04,7421,0
2025-07-24T01:38:47.0896237Z,ce0a15de-28f4-4f56-a1d5-2af767abd139,Trade,Buy,20.04,2500,0
2025-07-24T01:38:47.0896237Z,e36da3be-9edf-4942-a070-f79cf7253e7a,Trade,Buy,20.03,674,0
2025-07-24T01:38:47.0896237Z,d3ac08f0-d718-490f-8f78-27e050c8c5eb,Trade,Buy,20.03,1305,0
2025-07-24T01:38:47.0896237Z,c864a5b6-db4e-413f-8e3f-504708a27ee1,Trade,Buy,20.03,2360,0
2025-07-24T01:38:47.0896237Z,caaf086c-e384-4b86-8c2b-9381ce173d52,Trade,Buy,20.03,1656,0
2025-07-24T01:38:47.0896237Z,26006669-d1bb-4e1b-baa5-e0eef164cc76,Trade,Buy,20.03,3219,6701
2025-07-24T01:38:47.0996237Z,37a31bcf-9849-4939-b60d-64e00c3858f3,Trade,Sell,20.05,1090,1410
2025-07-24T01:38:47.1096237Z,61dc6647-b4e2-422b-a2bf-edcf6322eedb,Trade,Buy,20.03,177,2323
2025-07-24T01:38:47.1196237Z,37a31bcf-9849-4939-b60d-64e00c3858f3,Trade,Sell,20.05,986,424
2025-07-24T01:38:47.1296237Z,61dc6647-b4e2-422b-a2bf-edcf6322eedb,Trade,Buy,20.03,1119,1204
2025-07-24T01:38:47.1396237Z,bb794b87-5aa7-4abe-b635-1133259f80cb,New,Buy,20.04,0,552
2025-07-24T01:38:47.1396237Z,e720a323-cbf5-4d22-9339-d4c15a6f1301,Cancel,Sell,20.05,0,0
2025-07-24T01:38:47.1496237Z,31cb4d4c-e597-4f2c-81a0-5e64a6aacdb4,New,Buy,20.04,0,1477
2025-07-24T01:38:47.1496237Z,5ee135e0-be06-4f2e-b99a-cc2693741d34,Cancel,Buy,20.03,0,0
2025-07-24T01:38:47.1596237Z,2d8f9aad-5e16-4ed3-82d7-4739587dbf30,New,Buy,20.01,0,61
2025-07-24T01:38:47.1696237Z,c67fd9fb-a84b-4249-9945-fc9c0b895781,New,Buy,20.03,0,519
2025-07-24T01:38:47.1796237Z,9ccbe7aa-488e-4365-8e24-490f42fb4a4d,Trade,Sell,20.06,1430,1070
2025-07-24T01:38:47.1796237Z,3afd2f7e-e247-425a-bf47-c0236126c685,Cancel,Buy,19.97,0,0
2025-07-24T01:38:47.1896237Z,81ecfe5c-15e5-4141-8572-195963e3c713,New,Sell,20.06,0,7339
2025-07-24T01:38:47.1896237Z,fc7d55ad-3920-4e54-824a-5ce5c2e5f3cd,Cancel,Sell,20.14,0,0
2025-07-24T01:38:47.1996237Z,9ffc64f5-53b1-4c15-85b1-d2fe97cd5123,Trade,Sell,20.06,1345,1155
2025-07-24T01:38:47.2096237Z,747fa5d1-4ac5-4094-9a97-fecaab1597a6,New,Sell,20.05,0,1202
2025-07-24T01:38:47.2096237Z,b6d9c712-37e3-49ad-ab3d-97f7edc3d6a1,Cancel,Sell,20.07,0,0
2025-07-24T01:38:47.2196237Z,69a48a97-c0c1-4778-830b-87c89af2cb26,New,Buy,20.04,0,14934
2025-07-24T01:38:47.2296237Z,747fa5d1-4ac5-4094-9a97-fecaab1597a6,Trade,Sell,20.05,266,936
2025-07-24T01:38:47.2396237Z,cb29299d-7561-4316-afe8-bf2b02a75053,New,Sell,20.07,0,17349
2025-07-24T01:38:47.2396237Z,31cb4d4c-e597-4f2c-81a0-5e64a6aacdb4,Cancel,Buy,20.04,0,0
2025-07-24T01:38:47.2496237Z,c7fbae76-8e6f-4fc8-80d9-a36778f9e9cf,New,Buy,20.02,0,404
2025-07-24T01:38:47.2596237Z,9ffedc07-1d87-46c9-809f-002f2267a94b,New,Buy,20.04,0,586
2025-07-24T01:38:47.2696237Z,747fa5d1-4ac5-4094-9a97-fecaab1597a6,Trade,Sell,20.05,936,0
2025-07-24T01:38:47.2696237Z,6cc30aac-1f9d-4cf9-acec-0887b8bb6efb,Trade,Sell,20.06,2500,0
2025-07-24T01:38:47.2696237Z,73567f1f-b239-45b2-bbaf-a9a962e29360,Trade,Sell,20.06,14,11523
2025-07-24T01:38:47.2796237Z,3aa7fe04-60d3-46a9-9c44-26dd406a021e,Trade,Sell,20.06,2605,298
2025-07-24T01:38:47.2796237Z,959f669c-ba75-44b5-80b6-b2f5fbc362cf,Cancel,Buy,20.01,0,0
2025-07-24T01:38:47.2896237Z,4d7f9808-f548-43ed-8328-f0f463635230,New,Buy,20.03,0,2139
2025-07-24T01:38:47.2996237Z,bb794b87-5aa7-4abe-b635-1133259f80cb,Trade,Buy,20.04,552,0
2025-07-24T01:38:47.2996237Z,69a48a97-c0c1-4778-830b-87c89af2cb26,Trade,Buy,20.04,854,14080
2025-07-24T01:38:47.3096237Z,714bec5e-34c0-4a4f-9ca6-e969d7bc6e0c,New,Sell,20.10,0,138
2025-07-24T01:38:47.3196237Z,9ffedc07-1d87-46c9-809f-002f2267a94b,Trade,Buy,20.04,586,0
2025-07-24T01:38:47.3196237Z,aa7bf8b6-3baf-407a-9711-11bfb5092b34,Trade,Buy,20.04,2500,0
2025-07-24T01:38:47.3196237Z,69a48a97-c0c1-4778-830b-87c89af2cb26,Trade,Buy,20.04,1930,12150
2025-07-24T01:38:47.3196237Z,0ef5378b-4bca-4e41-b150-edb10877d7f8,Cancel,Sell,20.07,0,0
2025-07-24T01:38:47.3296237Z,81ecfe5c-15e5-4141-8572-195963e3c713,Trade,Sell,20.06,969,6370
2025-07-24T01:38:47.3396237Z,69a48a97-c0c1-4778-830b-87c89af2cb26,Trade,Buy,20.04,2024,10126
2025-07-24T01:38:47.3496237Z,73567f1f-b239-45b2-bbaf-a9a962e29360,Trade,Sell,20.06,1560,9963
2025-07-24T01:38:47.3496237Z,a443ead1-46bb-47ff-948b-d504b6462fc1,Cancel,Buy,20.02,0,0
2025-07-24T01:38:47.3596237Z,b621276c-b72b-4bd6-8dd4-2150081aa7a7,New,Sell,20.08,0,390
2025-07-24T01:38:47.3696237Z,586fe674-6fcd-4389-b8b8-0421ac3e9da5,Trade,Buy,20.04,516,1984
2025-07-24T01:38:47.3796237Z,ed2b9031-e9f1-4b5f-b4a3-9fe6a8cd74cb,New,Buy,20.05,0,4018
2025-07-24T01:38:47.3796237Z,63242548-6a5e-40c4-b390-c257346c8715,Cancel,Buy,19.94,0,0
2025-07-24T01:38:47.3896237Z,3aa7fe04-60d3-46a9-9c44-26dd406a021e,Trade,Sell,20.06,298,0
2025-07-24T01:38:47.3896237Z,81ecfe5c-15e5-4141-8572-195963e3c713,Trade,Sell,20.06,1418,4952
2025-07-24T01:38:47.3996237Z,d9f94139-a346-4124-9b0c-9e9a99569781,New,Sell,20.06,0,1312
2025-07-24T01:38:47.4096237Z,f81a7c66-ee48-498b-9762-36d647bd1598,New,Sell,20.07,0,1871
2025-07-24T01:38:47.4196237Z,db652117-18fe-4f85-b173-dd4f7c842c39,New,Buy,20.05,0,184
2025-07-24T01:38:47.4196237Z,9d508950-6051-4005-a461-9439a74b6a40,Cancel,Buy,20.01,0,0
2025-07-24T01:38:47.4296237Z,9cc4bda2-610f-4d3c-b0b7-0f00e1fc730a,New,Buy,20.04,0,812
2025-07-24T01:38:47.4396237Z,73567f1f-b239-45b2-bbaf-a9a962e29360,Trade,Sell,20.06,604,9359
2025-07-24T01:38:47.4496237Z,81ecfe5c-15e5-4141-8572-195963e3c713,Trade,Sell,20.06,607,4345
2025-07-24T01:38:47.4596237Z,d58e59bd-434e-408f-8efb-5e441e510872,New,Sell,20.07,0,3243
2025-07-24T01:38:47.4596237Z,ed2b9031-e9f1-4b5f-b4a3-9fe6a8cd74cb,Cancel,Buy,20.05,0,0
2025-07-24T01:38:47.4696237Z,fa6a5bcd-9a0f-4e67-ae64-fa3907cd775a,New,Sell,20.08,0,1476
2025-07-24T01:38:47.4796237Z,db652117-18fe-4f85-b173-dd4f7c842c39,Trade,Buy,20.05,184,0
2025-07-24T01:38:47.4796237Z,7f536d7f-3803-4081-8289-a6ce83493955,Trade,Buy,20.05,1957,543
2025-07-24T01:38:47.4896237Z,6601ea52-569f-4d3f-a9ef-cf8b5b6f4cb1,New,Buy,20.03,0,741
2025-07-24T01:38:47.4996237Z,35d146a7-6d60-4b02-8a11-468f33ee1c90,Trade,Buy,20.04,2500,0
2025-07-24T01:38:47.4996237Z,69a48a97-c0c1-4778-830b-87c89af2cb26,Trade,Buy,20.04,2757,7369
2025-07-24T01:38:47.5096237Z,47e533c1-28a3-4634-82d0-0dc7a4586328,New,Buy,20.05,0,663
2025-07-24T01:38:47.5096237Z,c2d1d9d4-5cf1-44df-b27c-adb17c061f5f,Cancel,Sell,20.12,0,0
2025-07-24T01:38:47.5196237Z,00cc9d70-cdb7-4dc1-815c-6b66f5d5143d,New,Sell,20.06,0,96
2025-07-24T01:38:47.5296237Z,80382f40-1766-4b31-894b-8a60f1348f36,New,Sell,20.07,0,598
2025-07-24T01:38:47.5296237Z,6c3987f8-dd91-4cd4-80f7-7b4da29c1a04,Cancel,Sell,20.07,0,0
2025-07-24T01:38:47.5296237Z,d9f94139-a346-4124-9b0c-9e9a99569781,Cancel,Sell,20.06,0,0
2025-07-24T01:38:47.5396237Z,a871e9f0-b6bf-4e4e-a03f-c55275935114,New,Sell,20.06,0,338
2025-07-24T01:38:47.5496237Z,d3773d18-56fe-4b9f-8ec3-8541ba6ebe7b,New,Buy,20.04,0,2326
2025-07-24T01:38:47.5596237Z,08f151ab-4f68-4d02-81a6-5b3719a815e9,New,Sell,20.07,0,1736
2025-07-24T01:38:47.5696237Z,73567f1f-b239-45b2-bbaf-a9a962e29360,Trade,Sell,20.06,924,8435
2025-07-24T01:38:47.5796237Z,25df5706-7181-4d63-80aa-0699ea35cefe,New,Sell,20.07,0,896
2025-07-24T01:38:47.5896237Z,47e533c1-28a3-4634-82d0-0dc7a4586328,Trade,Buy,20.05,663,0
2025-07-24T01:38:47.5896237Z,67fb93ca-99a5-42e7-bff8-86a72a82488e,Trade,Buy,20.05,2500,0
2025-07-24T01:38:47.5896237Z,9cc4bda2-610f-4d3c-b0b7-0f00e1fc730a,Trade,Buy,20.04,812,0
2025-07-24T01:38:47.5896237Z,69a48a97-c0c1-4778-830b-87c89af2cb26,Trade,Buy,20.04,787,6582
2025-07-24T01:38:47.5996237Z,d5227ac8-bef2-4a99-b7c2-0eee998d8877,New,Sell,20.06,0,306
2025-07-24T01:38:47.6096237Z,a95452cd-8347-494f-a172-618155d155d4,New,Buy,20.05,0,1388
2025-07-24T01:38:47.6196237Z,ae11341e-a456-4726-8acb-d27af5c3a715,New,Sell,20.06,0,4910
2025-07-24T01:38:47.6196237Z,a871e9f0-b6bf-4e4e-a03f-c55275935114,Cancel,Sell,20.06,0,0
2025-07-24T01:38:47.6196237Z,81ecfe5c-15e5-4141-8572-195963e3c713,Cancel,Sell,20.06,0,0
2025-07-24T01:38:47.6296237Z,a95452cd-8347-494f-a172-618155d155d4,Trade,Buy,20.05,309,1079
2025-07-24T01:38:47.6396237Z,1ec02daa-8333-48c2-91ac-03b36c649a00,New,Sell,20.07,0,2403
2025-07-24T01:38:47.6496237Z,a95452cd-8347-494f-a172-618155d155d4,Trade,Buy,20.05,1079,0
2025-07-24T01:38:47.6496237Z,1a9c10fb-5e06-4293-b8be-87c1630ab7d4,Trade,Buy,20.05,1324,1176
2025-07-24T01:38:47.6596237Z,812c89e0-e558-4da5-b005-8301f847d9a3,New,Sell,20.08,0,284
2025-07-24T01:38:47.6696237Z,bdbe7c45-7b43-4db4-913a-6aa30eb26710,Trade,Buy,20.04,401,2099
2025-07-24T01:38:47.6796237Z,544f6861-5009-41e4-a4b4-abeaa9faa367,New,Sell,20.06,0,2461
2025-07-24T01:38:47.6896237Z,45320f57-4bbc-412c-9d6e-2917358dcaa0,New,Sell,20.06,0,589
2025-07-24T01:38:47.6996237Z,00cc9d70-cdb7-4dc1-815c-6b66f5d5143d,Trade,Sell,20.06,96,0
2025-07-24T01:38:47.6996237Z,73567f1f-b239-45b2-bbaf-a9a962e29360,Trade,Sell,20.06,1147,7288
2025-07-24T01:38:47.6996237Z,08f151ab-4f68-4d02-81a6-5b3719a815e9,Cancel,Sell,20.07,0,0
2025-07-24T01:38:47.7096237Z,ee40a017-9687-46cb-895b-f9b5c5cb9b38,New,Buy,20.03,0,5257
2025-07-24T01:38:47.7196237Z,d5227ac8-bef2-4a99-b7c2-0eee998d8877,Trade,Sell,20.06,306,0
2025-07-24T01:38:47.7196237Z,ae11341e-a456-4726-8acb-d27af5c3a715,Trade,Sell,20.06,2224,2686
2025-07-24T01:38:47.7196237Z,7bcaaf39-ce13-49a3-be12-b7c56a953982,Cancel,Buy,19.97,0,0
2025-07-24T01:38:47.7296237Z,4b208184-4957-4144-905c-7ad2275b149d,New,Sell,20.07,0,756
2025-07-24T01:38:47.7396237Z,dfda7262-a72b-4477-b161-c99bca355673,Trade,Buy,20.04,841,1659
2025-07-24T01:38:47.7396237Z,4b208184-4957-4144-905c-7ad2275b149d,Cancel,Sell,20.07,0,0
2025-07-24T01:38:47.7496237Z,a4da1338-4427-4c98-95be-3337661e503c,New,Sell,20.06,0,546
2025-07-24T01:38:47.7596237Z,fe5556e4-68f5-40c3-a223-fceb14b7c383,New,Buy,20.05,0,287
2025-07-24T01:38:47.7696237Z,f6ee07b2-20c5-4b7e-a079-bd4cf516e4c7,New,Sell,20.08,0,1312
2025-07-24T01:38:47.7796237Z,b29c25e6-2b5a-4104-9ef8-75127769d828,New,Sell,20.08,0,2042
2025-07-24T01:38:47.7896237Z,56f36149-e3dd-43ca-bdf1-57a2bd9513bb,New,Buy,20.05,0,533
2025-07-24T01:38:47.7996237Z,544f6861-5009-41e4-a4b4-abeaa9faa367,Trade,Sell,20.06,1094,1367
2025-07-24T01:38:47.7996237Z,6601ea52-569f-4d3f-a9ef-cf8b5b6f4cb1,Cancel,Buy,20.03,0,0
2025-07-24T01:38:47.8096237Z,ba0b252e-c995-4968-a965-8d4bc4e07fe9,New,Buy,20.05,0,1220
2025-07-24T01:38:47.8096237Z,42d5dd3d-7fa3-48c7-bda9-c4c85e2a5343,Cancel,Sell,20.14,0,0
2025-07-24T01:38:47.8196237Z,45320f57-4bbc-412c-9d6e-2917358dcaa0,Trade,Sell,20.06,589,0
2025-07-24T01:38:47.8196237Z,73567f1f-b239-45b2-bbaf-a9a962e29360,Trade,Sell,20.06,7288,0
2025-07-24T01:38:47.8196237Z,ae11341e-a456-4726-8acb-d27af5c3a715,Trade,Sell,20.06,2686,0
2025-07-24T01:38:47.8196237Z,a4da1338-4427-4c98-95be-3337661e503c,Trade,Sell,20.06,546,0
2025-07-24T01:38:47.8196237Z,544f6861-5009-41e4-a4b4-abeaa9faa367,Trade,Sell,20.06,1367,0
2025-07-24T01:38:47.8196237Z,86fb95ac-8beb-4498-b477-24db4e225e62,Trade,Sell,20.07,2500,0
2025-07-24T01:38:47.8196237Z,894a33ba-28c0-4569-a9ad-74a1519bb0af,Trade,Sell,20.07,138,0
2025-07-24T01:38:47.8196237Z,ff9efdbb-3520-430a-b676-07d4df54f949,Trade,Sell,20.07,635,4786
2025-07-24T01:38:47.8196237Z,f81a7c66-ee48-498b-9762-36d647bd1598,Cancel,Sell,20.07,0,0
2025-07-24T01:38:47.8296237Z,412971f5-4fed-4fbf-b804-275b76daff44,New,Sell,20.06,0,10961
2025-07-24T01:38:47.8296237Z,927e4393-1d61-48ab-aa5c-a19920df3567,Cancel,Sell,20.08,0,0
2025-07-24T01:38:47.8396237Z,c18a739a-d71a-4755-b8c2-9756dcd9e809,New,Buy,20.05,0,1640
2025-07-24T01:38:47.8496237Z,412971f5-4fed-4fbf-b804-275b76daff44,Trade,Sell,20.06,1576,9385
2025-07-24T01:38:47.8596237Z,412971f5-4fed-4fbf-b804-275b76daff44,Trade,Sell,20.06,532,8853
2025-07-24T01:38:47.8696237Z,4d5ad974-951f-4054-a353-54224f977c90,New,Buy,20.04,0,350
2025-07-24T01:38:47.8796237Z,3c201d24-6939-44f9-b05d-6f0a649c8f8e,New,Sell,20.06,0,2100
2025-07-24T01:38:47.8896237Z,412971f5-4fed-4fbf-b804-275b76daff44,Trade,Sell,20.06,8853,0
2025-07-24T01:38:47.8896237Z,3c201d24-6939-44f9-b05d-6f0a649c8f8e,Trade,Sell,20.06,236,1864
2025-07-24T01:38:47.8996237Z,3c201d24-6939-44f9-b05d-6f0a649c8f8e,Trade,Sell,20.06,710,1154
2025-07-24T01:38:47.9096237Z,29e6ec8e-6dbf-4868-99f6-e1b8428b47fb,New,Sell,20.07,0,1468
2025-07-24T01:38:47.9196237Z,3c201d24-6939-44f9-b05d-6f0a649c8f8e,Trade,Sell,20.06,490,664
2025-07-24T01:38:47.9296237Z,3c201d24-6939-44f9-b05d-6f0a649c8f8e,Trade,Sell,20.06,664,0
2025-07-24T01:38:47.9296237Z,150e300f-8cac-4e89-b748-1eb439b41a83,Trade,Sell,20.07,326,2174
2025-07-24T01:38:47.9296237Z,c7fbae76-8e6f-4fc8-80d9-a36778f9e9cf,Cancel,Buy,20.02,0,0
2025-07-24T01:38:47.9396237Z,f44ba9a9-6136-483a-a6df-a847d07db7dc,New,Sell,20.06,0,2084
2025-07-24T01:38:47.9496237Z,f44ba9a9-6136-483a-a6df-a847d07db7dc,Trade,Sell,20.06,372,1712
2025-07-24T01:38:47.9596237Z,f44ba9a9-6136-483a-a6df-a847d07db7dc,Trade,Sell,20.06,1712,0
2025-07-24T01:38:47.9596237Z,685e6292-bcff-4abc-aecc-3a0b54564948,Trade,Sell,20.07,477,2023
2025-07-24T01:38:47.9696237Z,fe5556e4-68f5-40c3-a223-fceb14b7c383,Trade,Buy,20.05,287,0
2025-07-24T01:38:47.9696237Z,56f36149-e3dd-43ca-bdf1-57a2bd9513bb,Trade,Buy,20.05,533,0
2025-07-24T01:38:47.9696237Z,ba0b252e-c995-4968-a965-8d4bc4e07fe9,Trade,Buy,20.05,159,1061
2025-07-24T01:38:47.9696237Z,4d872004-da41-416e-84c1-d52acc311d36,Cancel,Sell,20.08,0,0
2025-07-24T01:38:47.9796237Z,0f5bafed-50a2-4968-baf5-fb9561520ef2,New,Buy,20.05,0,252
2025-07-24T01:38:47.9896237Z,91560006-f82a-495c-af1c-b54b37f9d7e1,New,Sell,20.08,0,637
2025-07-24T01:38:47.9896237Z,ff9efdbb-3520-430a-b676-07d4df54f949,Cancel,Sell,20.07,0,0
2025-07-24T01:38:47.9996237Z,c18a739a-d71a-4755-b8c2-9756dcd9e809,Trade,Buy,20.05,965,675
2025-07-24T01:38:47.9996237Z,f6ee07b2-20c5-4b7e-a079-bd4cf516e4c7,Cancel,Sell,20.08,0,0
2025-07-24T01:38:48.0096237Z,625bed7e-ebdd-454f-a1ac-8cf9652ece5d,New,Sell,20.07,0,610
2025-07-24T01:38:48.0196237Z,0401e5bd-ca72-4a2c-b40c-d1a34d80790a,New,Sell,20.07,0,1436
2025-07-24T01:38:48.0296237Z,892c6df1-db16-4abc-a8de-9e17fc6a4229,Trade,Sell,20.07,796,1704
2025-07-24T01:38:48.0396237Z,ba0b252e-c995-4968-a965-8d4bc4e07fe9,Trade,Buy,20.05,1061,0
2025-07-24T01:38:48.0396237Z,0f5bafed-50a2-4968-baf5-fb9561520ef2,Trade,Buy,20.05,252,0
2025-07-24T01:38:48.0396237Z,c18a739a-d71a-4755-b8c2-9756dcd9e809,Trade,Buy,20.05,8,667
2025-07-24T01:38:48.0396237Z,db1ad9b9-4595-4325-a3ef-e61ccfc8f90e,Cancel,Sell,20.11,0,0
2025-07-24T01:38:48.0496237Z,4baab3c2-cb95-4d39-9bab-ea115fe4057f,Trade,Sell,20.07,172,2328
2025-07-24T01:38:48.0496237Z,b621276c-b72b-4bd6-8dd4-2150081aa7a7,Cancel,Sell,20.08,0,0
2025-07-24T01:38:48.0596237Z,e38c64a2-d42e-43e6-979a-4b9510777588,Trade,Sell,20.07,2301,199
2025-07-24T01:38:48.0696237Z,1cc5b756-bf4c-4435-a919-1288448388ce,New,Buy,20.04,0,555
2025-07-24T01:38:48.0796237Z,cc98f31d-83f2-47ef-9eb0-4a0327c342dd,Trade,Sell,20.07,271,2229
2025-07-24T01:38:48.0796237Z,272c7c3c-9dd6-4cff-bbcb-fdbccea150a9,Cancel,Buy,20.01,0,0
2025-07-24T01:38:48.0896237Z,17b0c0a4-f8ae-4006-8722-6588bad5058c,New,Sell,20.08,0,455
2025-07-24T01:38:48.0996237Z,e78ab9e5-b6a4-4607-8f4b-219b6879810b,New,Sell,20.06,0,1399
2025-07-24T01:38:48.1096237Z,dd7e472a-0230-4ec7-973e-829aa9e836a7,New,Sell,20.06,0,262
2025-07-24T01:38:48.1196237Z,c18a739a-d71a-4755-b8c2-9756dcd9e809,Trade,Buy,20.05,563,104
2025-07-24T01:38:48.1296237Z,ba4664d0-abc9-4b55-92ba-8573f0a7be99,New,Buy,20.02,0,96
2025-07-24T01:38:48.1396237Z,c18a739a-d71a-4755-b8c2-9756dcd9e809,Trade,Buy,20.05,104,0
2025-07-24T01:38:48.1396237Z,32c1e7b3-2268-46dc-bbe4-18699d15a589,Trade,Buy,20.05,2500,0
2025-07-24T01:38:48.1396237Z,d3773d18-56fe-4b9f-8ec3-8541ba6ebe7b,Trade,Buy,20.04,151,2175
2025-07-24T01:38:48.1496237Z,69a48a97-c0c1-4778-830b-87c89af2cb26,Trade,Buy,20.04,766,5816
2025-07-24T01:38:48.1496237Z,ecb38cfa-268b-49ce-a6c8-f3a890e80cd3,Cancel,Buy,19.99,0,0
2025-07-24T01:38:48.1596237Z,4d5ad974-951f-4054-a353-54224f977c90,Trade,Buy,20.04,350,0
2025-07-24T01:38:48.1596237Z,1cc5b756-bf4c-4435-a919-1288448388ce,Trade,Buy,20.04,546,9
2025-07-24T01:38:48.1596237Z,0f8dee67-9727-4f20-9840-9b2f37c29493,Cancel,Sell,20.12,0,0
2025-07-24T01:38:48.1696237Z,d3773d18-56fe-4b9f-8ec3-8541ba6ebe7b,Trade,Buy,20.04,1505,670
2025-07-24T01:38:48.1796237Z,e78ab9e5-b6a4-4607-8f4b-219b6879810b,Trade,Sell,20.06,1399,0
2025-07-24T01:38:48.1796237Z,dd7e472a-0230-4ec7-973e-829aa9e836a7,Trade,Sell,20.06,262,0
2025-07-24T01:38:48.1796237Z,297c12b6-0d1e-413e-9f2e-7cf3e4e24627,Trade,Sell,20.06,1403,1097
2025-07-24T01:38:48.1896237Z,297c12b6-0d1e-413e-9f2e-7cf3e4e24627,Trade,Sell,20.06,369,728
2025-07-24T01:38:48.1996237Z,8e6dc3b0-bd9f-4b10-ba10-2f7ca4595a21,Trade,Buy,20.04,2500,0
2025-07-24T01:38:48.1996237Z,69a48a97-c0c1-4778-830b-87c89af2cb26,Trade,Buy,20.04,4761,1055
2025-07-24T01:38:48.2096237Z,ee403745-3f44-4d14-8cfa-f91b5048a41b,New,Buy,20.05,0,1641
2025-07-24T01:38:48.2196237Z,ee403745-3f44-4d14-8cfa-f91b5048a41b,Trade,Buy,20.05,1641,0
2025-07-24T01:38:48.2196237Z,2c18c768-8ee5-4467-b678-ea905af39368,Trade,Buy,20.05,1568,932
2025-07-24T01:38:48.2296237Z,2c18c768-8ee5-4467-b678-ea905af39368,Trade,Buy,20.05,932,0
2025-07-24T01:38:48.2296237Z,6d737c3d-8aab-4cee-be30-b1eb3b33cae5,Trade,Buy,20.05,1556,12
2025-07-24T01:38:48.2296237Z,7884ea06-5ab0-4eca-bc50-7c80f1d3f472,Cancel,Sell,20.07,0,0
2025-07-24T01:38:48.2396237Z,7155529b-9ff4-4b8e-a457-7cdfd9a2103b,New,Sell,20.06,0,12344
2025-07-24T01:38:48.2396237Z,d58e59bd-434e-408f-8efb-5e441e510872,Cancel,Sell,20.07,0,0
2025-07-24T01:38:48.2496237Z,d95fffc1-698e-445d-a9b0-55132940d7e5,Trade,Buy,20.04,298,2202
2025-07-24T01:38:48.2596237Z,7155529b-9ff4-4b8e-a457-7cdfd9a2103b,Trade,Sell,20.06,608,11736
2025-07-24T01:38:48.2696237Z,5b116910-efeb-445f-99b0-b3aab333e162,New,Sell,20.08,0,10740
2025-07-24T01:38:48.2796237Z,63ba9fa6-8eff-4fd0-bc67-c2a47189b59a,Trade,Buy,20.04,933,1567
2025-07-24T01:38:48.2796237Z,ba4664d0-abc9-4b55-92ba-8573f0a7be99,Cancel,Buy,20.02,0,0
2025-07-24T01:38:48.2796237Z,aa081c99-7e4e-4b38-9253-48fe9619dc6d,Cancel,Sell,20.07,0,0
2025-07-24T01:38:48.2896237Z,cfa7653c-4894-4ac9-97e0-dfbfaec1d0d4,Trade,Buy,20.04,256,2244
2025-07-24T01:38:48.2996237Z,366a5eb4-17d9-40e7-a4f0-3fbb7789e640,Trade,Buy,20.04,1483,1017
2025-07-24T01:38:48.3096237Z,148aaba0-0011-4476-9ae0-e6fdf85b1336,Trade,Buy,20.04,608,1892
2025-07-24T01:38:48.3196237Z,64fc4e22-5e9f-4ed1-a68f-900c886063b0,New,Sell,20.06,0,2265
2025-07-24T01:38:48.3196237Z,2a7fe6f7-aba3-46ea-856c-6e9a74ac6ba0,Cancel,Buy,20.03,0,0
2025-07-24T01:38:48.3296237Z,9b42f225-1135-4f1e-bd09-8b666d696317,New,Sell,20.06,0,1200
2025-07-24T01:38:48.3296237Z,64fc4e22-5e9f-4ed1-a68f-900c886063b0,Cancel,Sell,20.06,0,0
2025-07-24T01:38:48.3396237Z,d76aaa13-00c0-490d-a315-e5f4802d58fd,New,Sell,20.05,0,1266
2025-07-24T01:38:48.3496237Z,d76aaa13-00c0-490d-a315-e5f4802d58fd,Trade,Sell,20.05,1266,0
2025-07-24T01:38:48.3496237Z,c729ced7-c635-4024-97b1-32fcc5b6795f,Trade,Sell,20.06,2500,0
2025-07-24T01:38:48.3496237Z,7155529b-9ff4-4b8e-a457-7cdfd9a2103b,Trade,Sell,20.06,289,11447
2025-07-24T01:38:48.3496237Z,cb29299d-7561-4316-afe8-bf2b02a75053,Cancel,Sell,20.07,0,0
2025-07-24T01:38:48.3596237Z,1cc5b756-bf4c-4435-a919-1288448388ce,Trade,Buy,20.04,9,0
2025-07-24T01:38:48.3596237Z,d3773d18-56fe-4b9f-8ec3-8541ba6ebe7b,Trade,Buy,20.04,417,253
2025-07-24T01:38:48.3696237Z,9b42f225-1135-4f1e-bd09-8b666d696317,Trade,Sell,20.06,372,828
2025-07-24T01:38:48.3796237Z,aa024285-6700-4c21-802c-1e1e918bffc1,New,Buy,20.04,0,3105
2025-07-24T01:38:48.3896237Z,69a48a97-c0c1-4778-830b-87c89af2cb26,Trade,Buy,20.04,578,477
2025-07-24T01:38:48.3996237Z,c57ba5a5-2dc8-474a-8efc-92192a4e15f6,New,Sell,20.05,0,248
2025-07-24T01:38:48.4096237Z,66bfd50e-b371-4bae-a8af-faa8b5e2bf5a,New,Buy,20.04,0,256
2025-07-24T01:38:48.4196237Z,721a0616-70a2-4b9c-9729-2cb4ebe4b28a,New,Sell,20.05,0,131
2025-07-24T01:38:48.4196237Z,0041a673-61e3-49a6-9444-e1f7120e2cfd,Cancel,Buy,20.03,0,0
2025-07-24T01:38:48.4296237Z,d3773d18-56fe-4b9f-8ec3-8541ba6ebe7b,Trade,Buy,20.04,253,0
2025-07-24T01:38:48.4296237Z,aa024285-6700-4c21-802c-1e1e918bffc1,Trade,Buy,20.04,215,2890
2025-07-24T01:38:48.4296237Z,c329ced1-cb55-4018-9111-89f3482f36ea,Cancel,Buy,20.02,0,0
2025-07-24T01:38:48.4396237Z,69a48a97-c0c1-4778-830b-87c89af2cb26,Trade,Buy,20.04,477,0
2025-07-24T01:38:48.4396237Z,66bfd50e-b371-4bae-a8af-faa8b5e2bf5a,Trade,Buy,20.04,256,0
2025-07-24T01:38:48.4396237Z,aa024285-6700-4c21-802c-1e1e918bffc1,Trade,Buy,20.04,2673,217
2025-07-24T01:38:48.4396237Z,1e0f7a0c-21c4-4ab2-9c4f-a9cf0aad31d2,Cancel,Sell,20.07,0,0
2025-07-24T01:38:48.4496237Z,fafdfafd-ad95-4263-bc08-e6ae0e15a704,New,Sell,20.05,0,4159
2025-07-24T01:38:48.4596237Z,41d8251c-de1a-4e74-846e-67e33c2f916b,New,Sell,20.06,0,593
2025-07-24T01:38:48.4596237Z,5916dcda-12ee-44c2-9ab0-f1f59486af9e,Cancel,Sell,20.08,0,0
2025-07-24T01:38:48.4696237Z,0e2de581-5b60-4acb-80d1-6bb7b46f3bb1,New,Buy,20.04,0,2510
2025-07-24T01:38:48.4796237Z,c57ba5a5-2dc8-474a-8efc-92192a4e15f6,Trade,Sell,20.05,248,0
2025-07-24T01:38:48.4796237Z,721a0616-70a2-4b9c-9729-2cb4ebe4b28a,Trade,Sell,20.05,131,0
2025-07-24T01:38:48.4796237Z,fafdfafd-ad95-4263-bc08-e6ae0e15a704,Trade,Sell,20.05,3361,798
2025-07-24T01:38:48.4896237Z,fafdfafd-ad95-4263-bc08-e6ae0e15a704,Trade,Sell,20.05,798,0
2025-07-24T01:38:48.4896237Z,7a53498f-bed4-427b-b94b-758a157402d8,Trade,Sell,20.06,291,2209
2025-07-24T01:38:48.4996237Z,aa024285-6700-4c21-802c-1e1e918bffc1,Trade,Buy,20.04,217,0
2025-07-24T01:38:48.4996237Z,0e2de581-5b60-4acb-80d1-6bb7b46f3bb1,Trade,Buy,20.04,214,2296
2025-07-24T01:38:48.5096237Z,5149c3b3-63ca-4b9c-8f03-1b67fb36c976,New,Buy,20.05,0,1967
2025-07-24T01:38:48.5096237Z,ee73399a-5b09-4ca6-85f3-26a6aa203c4e,Cancel,Buy,19.98,0,0
2025-07-24T01:38:48.5196237Z,ed8f87cc-c0fe-4005-9101-017eac745378,New,Sell,20.06,0,1470
2025-07-24T01:38:48.5296237Z,7155529b-9ff4-4b8e-a457-7cdfd9a2103b,Trade,Sell,20.06,3255,8192
2025-07-24T01:38:48.5296237Z,26006669-d1bb-4e1b-baa5-e0eef164cc76,Cancel,Buy,20.03,0,0
2025-07-24T01:38:48.5396237Z,9b42f225-1135-4f1e-bd09-8b666d696317,Trade,Sell,20.06,828,0
2025-07-24T01:38:48.5396237Z,41d8251c-de1a-4e74-846e-67e33c2f916b,Trade,Sell,20.06,593,0
2025-07-24T01:38:48.5396237Z,ed8f87cc-c0fe-4005-9101-017eac745378,Trade,Sell,20.06,1470,0
2025-07-24T01:38:48.5396237Z,7155529b-9ff4-4b8e-a457-7cdfd9a2103b,Trade,Sell,20.06,5929,2263
2025-07-24T01:38:48.5496237Z,cd9b49b6-a0af-4332-9b90-f5660cf8b537,New,Sell,20.07,0,2498
2025-07-24T01:38:48.5496237Z,fa6a5bcd-9a0f-4e67-ae64-fa3907cd775a,Cancel,Sell,20.08,0,0
2025-07-24T01:38:48.5596237Z,7155529b-9ff4-4b8e-a457-7cdfd9a2103b,Trade,Sell,20.06,192,2071
2025-07-24T01:38:48.5596237Z,cc867ed4-4979-4d09-8357-25dc63f5db02,Cancel,Buy,20.03,0,0
2025-07-24T01:38:48.5596237Z,714bec5e-34c0-4a4f-9ca6-e969d7bc6e0c,Cancel,Sell,20.10,0,0
2025-07-24T01:38:48.5696237Z,6a988d73-1d92-4679-bdec-2cb1cd86b66b,New,Buy,20.04,0,7119
2025-07-24T01:38:48.5796237Z,5149c3b3-63ca-4b9c-8f03-1b67fb36c976,Trade,Buy,20.05,1197,770
2025-07-24T01:38:48.5796237Z,fad3e2f9-6fe7-4eb1-bb25-ed50a6b4c828,Cancel,Buy,20.03,0,0
2025-07-24T01:38:48.5896237Z,5149c3b3-63ca-4b9c-8f03-1b67fb36c976,Trade,Buy,20.05,454,316
2025-07-24T01:38:48.5896237Z,0401e5bd-ca72-4a2c-b40c-d1a34d80790a,Cancel,Sell,20.07,0,0
2025-07-24T01:38:48.5996237Z,7155529b-9ff4-4b8e-a457-7cdfd9a2103b,Trade,Sell,20.06,2071,0
2025-07-24T01:38:48.5996237Z,c66a9379-5856-4ad5-b60e-69a064fcff07,Trade,Sell,20.07,628,1872
2025-07-24T01:38:48.5996237Z,0b6cf3d1-42a9-4a8b-bdbd-397affb9a537,Cancel,Sell,20.14,0,0
2025-07-24T01:38:48.6096237Z,5149c3b3-63ca-4b9c-8f03-1b67fb36c976,Trade,Buy,20.05,316,0
2025-07-24T01:38:48.6096237Z,4b3cfca6-a6d1-48d7-b21a-809c64795068,Trade,Buy,20.05,42,2458
2025-07-24T01:38:48.6196237Z,4b3cfca6-a6d1-48d7-b21a-809c64795068,Trade,Buy,20.05,2458,0
2025-07-24T01:38:48.6196237Z,ae67db13-d408-4649-b007-4dd9c38a1f23,Trade,Buy,20.05,42,0
2025-07-24T01:38:48.6196237Z,0e2de581-5b60-4acb-80d1-6bb7b46f3bb1,Trade,Buy,20.04,1159,1137
2025-07-24T01:38:48.6296237Z,37e4d37b-b248-4e31-9105-d094dcd72fa1,New,Buy,20.04,0,144
2025-07-24T01:38:48.6396237Z,c011b0d8-af81-4ae3-9b64-363dad2db305,New,Sell,20.06,0,355
2025-07-24T01:38:48.6496237Z,cf62b301-224c-49d5-acec-c644c665510f,New,Sell,20.08,0,558
2025-07-24T01:38:48.6596237Z,173bf8fe-04e8-4431-acd1-8f2c555d7561,New,Sell,20.06,0,8815
