ts,side,price,qty
2025-07-24T01:38:41.9996237Z,Sell,19.99,33
2025-07-24T01:38:42.0196237Z,Sell,19.99,686
2025-07-24T01:38:42.0296237Z,Sell,19.99,207
2025-07-24T01:38:42.0496237Z,Buy,20.01,627
2025-07-24T01:38:42.0696237Z,Buy,20.01,601
2025-07-24T01:38:42.0796237Z,Sell,19.99,686
2025-07-24T01:38:42.0796237Z,Sell,19.99,1722
2025-07-24T01:38:42.0996237Z,Buy,20.01,94
2025-07-24T01:38:42.1196237Z,Sell,19.99,538
2025-07-24T01:38:42.1196237Z,Sell,19.99,1074
2025-07-24T01:38:42.1296237Z,Buy,20.01,1873
2025-07-24T01:38:42.1296237Z,Buy,20.01,9
2025-07-24T01:38:42.1496237Z,Buy,20.00,327
2025-07-24T01:38:42.1596237Z,Sell,19.99,628
2025-07-24T01:38:42.1596237Z,Sell,19.99,19
2025-07-24T01:38:42.1796237Z,Sell,19.98,897
2025-07-24T01:38:42.1896237Z,Sell,19.98,434
2025-07-24T01:38:42.1996237Z,Buy,20.00,815
2025-07-24T01:38:42.2096237Z,Buy,20.00,145
2025-07-24T01:38:42.2196237Z,Buy,20.00,225
2025-07-24T01:38:42.2396237Z,Buy,20.00,268
2025-07-24T01:38:42.2396237Z,Buy,20.00,1079
2025-07-24T01:38:42.2496237Z,Buy,20.00,1421
2025-07-24T01:38:42.2496237Z,Buy,20.00,1079
2025-07-24T01:38:42.2496237Z,Buy,20.01,804
2025-07-24T01:38:42.2496237Z,Buy,20.01,1647
2025-07-24T01:38:42.2496237Z,Buy,20.01,902
2025-07-24T01:38:42.2596237Z,Sell,19.99,1237
2025-07-24T01:38:42.2696237Z,Sell,19.99,1263
2025-07-24T01:38:42.2696237Z,Sell,19.99,1237
2025-07-24T01:38:42.2696237Z,Sell,19.98,563
2025-07-24T01:38:42.2796237Z,Buy,20.00,1046
2025-07-24T01:38:42.2996237Z,Buy,20.00,131
2025-07-24T01:38:42.2996237Z,Buy,20.00,2500
2025-07-24T01:38:42.2996237Z,Buy,20.01,3198
2025-07-24T01:38:42.2996237Z,Buy,20.01,2152
2025-07-24T01:38:42.2996237Z,Buy,20.02,2152
2025-07-24T01:38:42.2996237Z,Buy,20.02,1269
2025-07-24T01:38:42.2996237Z,Buy,20.02,5118
2025-07-24T01:38:42.3196237Z,Buy,20.01,2500
2025-07-24T01:38:42.3196237Z,Buy,20.02,524
2025-07-24T01:38:42.3196237Z,Buy,20.02,2152
2025-07-24T01:38:42.3196237Z,Buy,20.03,1852
2025-07-24T01:38:42.3196237Z,Buy,20.04,1594
2025-07-24T01:38:42.3196237Z,Buy,20.04,1594
2025-07-24T01:38:42.3196237Z,Buy,20.05,1372
2025-07-24T01:38:42.3196237Z,Buy,20.05,1372
2025-07-24T01:38:42.3196237Z,Buy,20.06,1181
2025-07-24T01:38:42.3196237Z,Buy,20.06,799
2025-07-24T01:38:42.3296237Z,Sell,20.02,2281
2025-07-24T01:38:42.3396237Z,Sell,20.02,219
2025-07-24T01:38:42.3396237Z,Sell,20.02,2189
2025-07-24T01:38:42.3496237Z,Buy,20.04,1373
2025-07-24T01:38:42.3596237Z,Buy,20.04,1127
2025-07-24T01:38:42.3596237Z,Buy,20.04,670
2025-07-24T01:38:42.3796237Z,Buy,20.04,1917
2025-07-24T01:38:42.3896237Z,Buy,20.04,620
2025-07-24T01:38:42.3996237Z,Buy,20.04,157
2025-07-24T01:38:42.4196237Z,Buy,20.04,414
2025-07-24T01:38:42.4296237Z,Sell,20.02,97
2025-07-24T01:38:42.4296237Z,Sell,20.02,819
2025-07-24T01:38:42.4496237Z,Buy,20.04,707
2025-07-24T01:38:42.4596237Z,Sell,20.03,459
2025-07-24T01:38:42.4596237Z,Sell,20.03,2500
2025-07-24T01:38:42.4596237Z,Sell,20.02,2152
2025-07-24T01:38:42.4596237Z,Sell,20.01,950
2025-07-24T01:38:42.4596237Z,Sell,20.01,539
2025-07-24T01:38:42.4796237Z,Buy,20.04,1900
2025-07-24T01:38:42.4996237Z,Buy,20.03,580
2025-07-24T01:38:42.5096237Z,Buy,20.03,1632
2025-07-24T01:38:42.5096237Z,Buy,20.04,1760
2025-07-24T01:38:42.5296237Z,Sell,20.02,1700
2025-07-24T01:38:42.5296237Z,Sell,20.02,1118
2025-07-24T01:38:42.5596237Z,Buy,20.04,236
2025-07-24T01:38:42.5596237Z,Buy,20.05,1512
2025-07-24T01:38:42.5796237Z,Buy,20.05,2500
2025-07-24T01:38:42.5796237Z,Buy,20.06,997
2025-07-24T01:38:42.6196237Z,Sell,20.04,469
2025-07-24T01:38:42.6196237Z,Sell,20.04,1824
2025-07-24T01:38:42.6396237Z,Sell,20.05,216
2025-07-24T01:38:42.6596237Z,Buy,20.06,320
2025-07-24T01:38:42.6896237Z,Buy,20.06,504
2025-07-24T01:38:42.7096237Z,Sell,20.05,1287
2025-07-24T01:38:42.7096237Z,Sell,20.05,818
2025-07-24T01:38:42.7096237Z,Sell,20.05,2106
2025-07-24T01:38:42.7096237Z,Sell,20.05,2500
2025-07-24T01:38:42.7096237Z,Sell,20.04,989
2025-07-24T01:38:42.7196237Z,Buy,20.06,857
2025-07-24T01:38:42.7196237Z,Buy,20.06,139
2025-07-24T01:38:42.7296237Z,Sell,20.04,4396
2025-07-24T01:38:42.7496237Z,Sell,20.04,6130
2025-07-24T01:38:42.7596237Z,Buy,20.05,1367
2025-07-24T01:38:42.7996237Z,Sell,20.04,116
2025-07-24T01:38:42.8696237Z,Buy,20.05,307
2025-07-24T01:38:42.8696237Z,Buy,20.05,419
2025-07-24T01:38:42.8796237Z,Sell,20.04,311
2025-07-24T01:38:42.8796237Z,Sell,20.04,183
2025-07-24T01:38:42.9096237Z,Buy,20.05,199
2025-07-24T01:38:42.9096237Z,Buy,20.06,561
2025-07-24T01:38:42.9196237Z,Buy,20.06,815
2025-07-24T01:38:42.9496237Z,Buy,20.06,1147
2025-07-24T01:38:42.9596237Z,Sell,20.05,675
2025-07-24T01:38:42.9796237Z,Buy,20.06,441
2025-07-24T01:38:42.9796237Z,Buy,20.06,510
2025-07-24T01:38:42.9796237Z,Buy,20.06,172
2025-07-24T01:38:42.9796237Z,Buy,20.06,611
2025-07-24T01:38:42.9996237Z,Buy,20.06,524
2025-07-24T01:38:42.9996237Z,Buy,20.07,871
2025-07-24T01:38:43.0096237Z,Buy,20.07,422
2025-07-24T01:38:43.0296237Z,Buy,20.07,299
2025-07-24T01:38:43.0396237Z,Sell,20.05,1184
2025-07-24T01:38:43.0396237Z,Sell,20.05,1671
2025-07-24T01:38:43.0496237Z,Sell,20.05,829
2025-07-24T01:38:43.0496237Z,Sell,20.05,58
2025-07-24T01:38:43.0596237Z,Sell,20.05,1229
2025-07-24T01:38:43.0796237Z,Sell,20.06,550
2025-07-24T01:38:43.0796237Z,Sell,20.05,2500
2025-07-24T01:38:43.0796237Z,Sell,20.04,374
2025-07-24T01:38:43.0896237Z,Sell,20.05,2500
2025-07-24T01:38:43.0896237Z,Sell,20.04,56
2025-07-24T01:38:43.0896237Z,Sell,20.04,3189
2025-07-24T01:38:43.0996237Z,Sell,20.04,458
2025-07-24T01:38:43.1196237Z,Sell,20.04,479
2025-07-24T01:38:43.1496237Z,Buy,20.06,211
2025-07-24T01:38:43.1596237Z,Sell,20.04,2500
2025-07-24T01:38:43.1596237Z,Sell,20.04,1296
2025-07-24T01:38:43.1696237Z,Buy,20.06,354
2025-07-24T01:38:43.1796237Z,Buy,20.06,947
2025-07-24T01:38:43.1796237Z,Buy,20.06,179
2025-07-24T01:38:43.1996237Z,Sell,20.04,560
2025-07-24T01:38:43.1996237Z,Sell,20.04,508
2025-07-24T01:38:43.2096237Z,Buy,20.06,497
2025-07-24T01:38:43.2496237Z,Sell,20.05,1333
2025-07-24T01:38:43.2496237Z,Sell,20.05,338
2025-07-24T01:38:43.2596237Z,Sell,20.04,522
2025-07-24T01:38:43.2696237Z,Sell,20.04,1008
2025-07-24T01:38:43.2796237Z,Buy,20.06,1005
2025-07-24T01:38:43.2896237Z,Buy,20.06,102
2025-07-24T01:38:43.3096237Z,Buy,20.06,256
2025-07-24T01:38:43.3396237Z,Sell,20.04,2716
2025-07-24T01:38:43.3396237Z,Sell,20.04,457
2025-07-24T01:38:43.3396237Z,Sell,20.04,1373
2025-07-24T01:38:43.3396237Z,Sell,20.04,707
2025-07-24T01:38:43.3396237Z,Sell,20.04,2500
2025-07-24T01:38:43.3396237Z,Sell,20.03,1667
2025-07-24T01:38:43.3396237Z,Sell,20.03,1272
2025-07-24T01:38:43.3496237Z,Buy,20.05,152
2025-07-24T01:38:43.3796237Z,Sell,20.03,286
2025-07-24T01:38:43.3896237Z,Buy,20.05,1175
2025-07-24T01:38:43.4096237Z,Buy,20.05,2591
2025-07-24T01:38:43.4096237Z,Buy,20.05,1325
2025-07-24T01:38:43.4096237Z,Buy,20.05,1175
2025-07-24T01:38:43.4096237Z,Buy,20.06,1187
2025-07-24T01:38:43.4096237Z,Buy,20.06,24
2025-07-24T01:38:43.4296237Z,Buy,20.06,1894
2025-07-24T01:38:43.4396237Z,Sell,20.04,166
2025-07-24T01:38:43.4596237Z,Sell,20.03,510
2025-07-24T01:38:43.4796237Z,Sell,20.03,2500
2025-07-24T01:38:43.4796237Z,Sell,20.03,1184
2025-07-24T01:38:43.4796237Z,Sell,20.03,1527
2025-07-24T01:38:43.4996237Z,Sell,20.03,1831
2025-07-24T01:38:43.5096237Z,Sell,20.03,26
2025-07-24T01:38:43.5096237Z,Sell,20.03,972
2025-07-24T01:38:43.5296237Z,Buy,20.04,429
2025-07-24T01:38:43.5296237Z,Buy,20.05,1266
2025-07-24T01:38:43.5396237Z,Buy,20.05,397
2025-07-24T01:38:43.5496237Z,Sell,20.03,109
2025-07-24T01:38:43.5696237Z,Buy,20.05,983
2025-07-24T01:38:43.5896237Z,Buy,20.05,433
2025-07-24T01:38:43.6096237Z,Sell,20.04,591
2025-07-24T01:38:43.6396237Z,Buy,20.05,356
2025-07-24T01:38:43.6596237Z,Buy,20.05,3251
2025-07-24T01:38:43.6896237Z,Sell,20.04,518
2025-07-24T01:38:43.7096237Z,Sell,20.04,1089
2025-07-24T01:38:43.7196237Z,Buy,20.05,319
2025-07-24T01:38:43.7396237Z,Buy,20.05,742
2025-07-24T01:38:43.7396237Z,Buy,20.05,1198
2025-07-24T01:38:43.7696237Z,Sell,20.04,779
2025-07-24T01:38:43.7796237Z,Buy,20.05,1009
2025-07-24T01:38:43.7796237Z,Buy,20.05,91
2025-07-24T01:38:43.7896237Z,Sell,20.04,574
2025-07-24T01:38:43.8196237Z,Sell,20.04,556
2025-07-24T01:38:43.8296237Z,Sell,20.04,224
2025-07-24T01:38:43.8496237Z,Buy,20.05,430
2025-07-24T01:38:43.8496237Z,Buy,20.05,958
2025-07-24T01:38:43.8796237Z,Sell,20.04,633
2025-07-24T01:38:43.8996237Z,Sell,20.04,574
2025-07-24T01:38:43.8996237Z,Sell,20.04,2228
2025-07-24T01:38:43.9596237Z,Buy,20.05,1010
2025-07-24T01:38:43.9996237Z,Sell,20.04,895
2025-07-24T01:38:44.0196237Z,Buy,20.05,398
2025-07-24T01:38:44.0296237Z,Sell,20.04,3477
2025-07-24T01:38:44.0296237Z,Sell,20.04,702
2025-07-24T01:38:44.0296237Z,Sell,20.04,893
2025-07-24T01:38:44.0496237Z,Buy,20.05,304
2025-07-24T01:38:44.0596237Z,Buy,20.05,329
2025-07-24T01:38:44.0596237Z,Buy,20.05,29
2025-07-24T01:38:44.0596237Z,Buy,20.05,158
2025-07-24T01:38:44.0796237Z,Sell,20.04,1630
2025-07-24T01:38:44.0796237Z,Sell,20.04,3841
2025-07-24T01:38:44.0896237Z,Buy,20.05,366
2025-07-24T01:38:44.1096237Z,Sell,20.04,250
2025-07-24T01:38:44.1396237Z,Sell,20.04,150
2025-07-24T01:38:44.1496237Z,Sell,20.04,588
2025-07-24T01:38:44.1496237Z,Sell,20.04,670
2025-07-24T01:38:44.1796237Z,Sell,20.04,543
2025-07-24T01:38:44.1896237Z,Sell,20.04,333
2025-07-24T01:38:44.1896237Z,Sell,20.04,839
2025-07-24T01:38:44.1996237Z,Buy,20.05,1246
2025-07-24T01:38:44.2296237Z,Sell,20.04,2060
2025-07-24T01:38:44.2296237Z,Sell,20.04,894
2025-07-24T01:38:44.2296237Z,Sell,20.04,734
2025-07-24T01:38:44.2296237Z,Sell,20.04,844
2025-07-24T01:38:44.2396237Z,Buy,20.05,465
2025-07-24T01:38:44.2596237Z,Sell,20.04,98
2025-07-24T01:38:44.2596237Z,Sell,20.04,1182
2025-07-24T01:38:44.2696237Z,Sell,20.04,1131
2025-07-24T01:38:44.2896237Z,Sell,20.04,399
2025-07-24T01:38:44.3196237Z,Sell,20.04,510
2025-07-24T01:38:44.3296237Z,Buy,20.05,241
2025-07-24T01:38:44.3296237Z,Buy,20.05,838
2025-07-24T01:38:44.3296237Z,Buy,20.05,386
2025-07-24T01:38:44.3996237Z,Buy,20.05,205
2025-07-24T01:38:44.3996237Z,Buy,20.05,1026
2025-07-24T01:38:44.4096237Z,Buy,20.05,145
2025-07-24T01:38:44.4196237Z,Sell,20.04,427
2025-07-24T01:38:44.4596237Z,Sell,20.04,10
2025-07-24T01:38:44.4596237Z,Sell,20.04,186
2025-07-24T01:38:44.4696237Z,Buy,20.05,278
2025-07-24T01:38:44.4696237Z,Buy,20.05,3479
2025-07-24T01:38:44.4696237Z,Buy,20.05,3912
2025-07-24T01:38:44.4696237Z,Buy,20.05,402
2025-07-24T01:38:44.4696237Z,Buy,20.05,5066
2025-07-24T01:38:44.4696237Z,Buy,20.05,444
2025-07-24T01:38:44.4696237Z,Buy,20.06,2500
2025-07-24T01:38:44.4696237Z,Buy,20.06,744
2025-07-24T01:38:44.4696237Z,Buy,20.06,625
2025-07-24T01:38:44.4696237Z,Buy,20.06,267
2025-07-24T01:38:44.4696237Z,Buy,20.06,867
2025-07-24T01:38:44.4696237Z,Buy,20.06,1743
2025-07-24T01:38:44.4696237Z,Buy,20.06,97
2025-07-24T01:38:44.4696237Z,Buy,20.06,468
2025-07-24T01:38:44.4996237Z,Sell,20.04,1861
2025-07-24T01:38:44.5196237Z,Buy,20.06,333
2025-07-24T01:38:44.5296237Z,Sell,20.04,659
2025-07-24T01:38:44.5296237Z,Sell,20.04,634
2025-07-24T01:38:44.5396237Z,Buy,20.06,447
2025-07-24T01:38:44.5396237Z,Buy,20.06,1486
2025-07-24T01:38:44.5396237Z,Buy,20.06,15
2025-07-24T01:38:44.5596237Z,Sell,20.05,89
2025-07-24T01:38:44.5796237Z,Buy,20.06,82
2025-07-24T01:38:44.6196237Z,Sell,20.05,1358
2025-07-24T01:38:44.6196237Z,Sell,20.05,405
2025-07-24T01:38:44.6196237Z,Sell,20.05,2500
2025-07-24T01:38:44.6196237Z,Sell,20.04,438
2025-07-24T01:38:44.6196237Z,Sell,20.04,2152
2025-07-24T01:38:44.6196237Z,Sell,20.03,286
2025-07-24T01:38:44.6396237Z,Sell,20.04,449
2025-07-24T01:38:44.6596237Z,Buy,20.05,110
2025-07-24T01:38:44.6596237Z,Buy,20.06,1154
2025-07-24T01:38:44.6696237Z,Sell,20.04,1101
2025-07-24T01:38:44.6696237Z,Sell,20.04,210
2025-07-24T01:38:44.6796237Z,Sell,20.04,2290
2025-07-24T01:38:44.6796237Z,Sell,20.04,210
2025-07-24T01:38:44.6796237Z,Sell,20.03,2258
2025-07-24T01:38:44.6896237Z,Sell,20.03,897
2025-07-24T01:38:44.7096237Z,Sell,20.03,224
2025-07-24T01:38:44.7396237Z,Buy,20.06,421
2025-07-24T01:38:44.7896237Z,Buy,20.06,998
2025-07-24T01:38:44.7896237Z,Buy,20.06,530
2025-07-24T01:38:44.7896237Z,Buy,20.06,255
2025-07-24T01:38:44.7996237Z,Buy,20.06,192
2025-07-24T01:38:44.7996237Z,Buy,20.06,573
2025-07-24T01:38:44.8196237Z,Sell,20.05,283
2025-07-24T01:38:44.8196237Z,Sell,20.05,272
2025-07-24T01:38:44.8296237Z,Sell,20.04,676
2025-07-24T01:38:44.8596237Z,Sell,20.05,1729
2025-07-24T01:38:44.8796237Z,Buy,20.06,55
2025-07-24T01:38:44.8796237Z,Buy,20.06,10398
2025-07-24T01:38:44.8796237Z,Buy,20.07,1764
2025-07-24T01:38:44.8996237Z,Sell,20.05,1700
2025-07-24T01:38:44.8996237Z,Sell,20.05,2394
2025-07-24T01:38:44.9096237Z,Sell,20.05,106
2025-07-24T01:38:44.9096237Z,Sell,20.05,2394
2025-07-24T01:38:44.9096237Z,Sell,20.04,496
2025-07-24T01:38:44.9096237Z,Sell,20.04,1341
2025-07-24T01:38:44.9096237Z,Sell,20.04,363
2025-07-24T01:38:44.9096237Z,Sell,20.04,694
2025-07-24T01:38:44.9096237Z,Sell,20.04,2152
2025-07-24T01:38:44.9096237Z,Sell,20.03,1424
2025-07-24T01:38:44.9196237Z,Sell,20.04,1489
2025-07-24T01:38:44.9296237Z,Sell,20.04,1011
2025-07-24T01:38:44.9296237Z,Sell,20.04,150
2025-07-24T01:38:44.9396237Z,Sell,20.04,1339
2025-07-24T01:38:44.9396237Z,Sell,20.04,1161
2025-07-24T01:38:44.9396237Z,Sell,20.03,214
2025-07-24T01:38:44.9396237Z,Sell,20.03,867
2025-07-24T01:38:44.9396237Z,Sell,20.03,27
2025-07-24T01:38:44.9396237Z,Sell,20.03,143
2025-07-24T01:38:44.9496237Z,Buy,20.05,2500
2025-07-24T01:38:44.9496237Z,Buy,20.06,51
2025-07-24T01:38:44.9696237Z,Sell,20.04,498
2025-07-24T01:38:44.9896237Z,Buy,20.05,320
2025-07-24T01:38:45.0096237Z,Sell,20.03,1478
2025-07-24T01:38:45.0296237Z,Buy,20.04,1527
2025-07-24T01:38:45.0296237Z,Buy,20.04,336
2025-07-24T01:38:45.0296237Z,Buy,20.05,2500
2025-07-24T01:38:45.0296237Z,Buy,20.05,3023
2025-07-24T01:38:45.0296237Z,Buy,20.06,462
2025-07-24T01:38:45.0396237Z,Sell,20.03,425
2025-07-24T01:38:45.0596237Z,Sell,20.03,1060
2025-07-24T01:38:45.0696237Z,Sell,20.03,425
2025-07-24T01:38:45.0696237Z,Sell,20.03,1015
2025-07-24T01:38:45.0696237Z,Sell,20.03,473
2025-07-24T01:38:45.0796237Z,Buy,20.05,2500
2025-07-24T01:38:45.0796237Z,Buy,20.06,2152
2025-07-24T01:38:45.0796237Z,Buy,20.07,1016
2025-07-24T01:38:45.0796237Z,Buy,20.07,2846
2025-07-24T01:38:45.0796237Z,Buy,20.07,1307
2025-07-24T01:38:45.0796237Z,Buy,20.07,635
2025-07-24T01:38:45.0796237Z,Buy,20.07,398
2025-07-24T01:38:45.1096237Z,Sell,20.04,2500
2025-07-24T01:38:45.1096237Z,Sell,20.03,310
2025-07-24T01:38:45.1696237Z,Sell,20.04,183
2025-07-24T01:38:45.1696237Z,Sell,20.04,303
2025-07-24T01:38:45.2196237Z,Sell,20.04,629
2025-07-24T01:38:45.2196237Z,Sell,20.04,154
2025-07-24T01:38:45.2496237Z,Sell,20.04,1204
2025-07-24T01:38:45.2496237Z,Sell,20.04,102
2025-07-24T01:38:45.2596237Z,Buy,20.05,239
2025-07-24T01:38:45.2796237Z,Sell,20.04,1747
2025-07-24T01:38:45.2796237Z,Sell,20.04,1244
2025-07-24T01:38:45.2996237Z,Buy,20.05,739
2025-07-24T01:38:45.3096237Z,Sell,20.04,540
2025-07-24T01:38:45.3196237Z,Buy,20.05,1185
2025-07-24T01:38:45.3596237Z,Sell,20.04,10
2025-07-24T01:38:45.3596237Z,Sell,20.04,2500
2025-07-24T01:38:45.3596237Z,Sell,20.03,886
2025-07-24T01:38:45.3796237Z,Buy,20.05,3808
2025-07-24T01:38:45.3996237Z,Buy,20.05,916
2025-07-24T01:38:45.3996237Z,Buy,20.05,415
2025-07-24T01:38:45.4096237Z,Sell,20.03,814
2025-07-24T01:38:45.4196237Z,Sell,20.03,147
2025-07-24T01:38:45.4396237Z,Buy,20.05,269
2025-07-24T01:38:45.4696237Z,Sell,20.04,553
2025-07-24T01:38:45.4996237Z,Buy,20.05,117
2025-07-24T01:38:45.5296237Z,Buy,20.05,185
2025-07-24T01:38:45.5496237Z,Sell,20.04,671
2025-07-24T01:38:45.5796237Z,Sell,20.04,2086
2025-07-24T01:38:45.5796237Z,Sell,20.04,370
2025-07-24T01:38:45.6396237Z,Sell,20.03,80
2025-07-24T01:38:45.6696237Z,Sell,20.03,7076
2025-07-24T01:38:45.6796237Z,Buy,20.04,661
2025-07-24T01:38:45.6996237Z,Buy,20.04,1231
2025-07-24T01:38:45.6996237Z,Buy,20.04,25
2025-07-24T01:38:45.6996237Z,Buy,20.05,2500
2025-07-24T01:38:45.6996237Z,Buy,20.05,342
2025-07-24T01:38:45.6996237Z,Buy,20.05,1493
2025-07-24T01:38:45.6996237Z,Buy,20.06,2152
2025-07-24T01:38:45.6996237Z,Buy,20.06,487
2025-07-24T01:38:45.6996237Z,Buy,20.06,1233
2025-07-24T01:38:45.6996237Z,Buy,20.06,2532
2025-07-24T01:38:45.6996237Z,Buy,20.06,238
2025-07-24T01:38:45.6996237Z,Buy,20.06,662
2025-07-24T01:38:45.7196237Z,Sell,20.04,743
2025-07-24T01:38:45.7296237Z,Buy,20.06,2384
2025-07-24T01:38:45.7396237Z,Buy,20.06,116
2025-07-24T01:38:45.7396237Z,Buy,20.06,1303
2025-07-24T01:38:45.7496237Z,Sell,20.04,194
2025-07-24T01:38:45.7896237Z,Buy,20.04,257
2025-07-24T01:38:45.7896237Z,Buy,20.04,881
2025-07-24T01:38:45.7896237Z,Buy,20.05,1039
2025-07-24T01:38:45.7996237Z,Buy,20.05,2500
2025-07-24T01:38:45.7996237Z,Buy,20.05,677
2025-07-24T01:38:45.8296237Z,Sell,20.04,733
2025-07-24T01:38:45.8396237Z,Sell,20.04,172
2025-07-24T01:38:45.8396237Z,Sell,20.04,1771
2025-07-24T01:38:45.8596237Z,Buy,20.05,127
2025-07-24T01:38:45.8996237Z,Sell,20.03,326
2025-07-24T01:38:45.9196237Z,Sell,20.03,418
2025-07-24T01:38:45.9496237Z,Buy,20.04,1436
2025-07-24T01:38:45.9496237Z,Buy,20.04,414
2025-07-24T01:38:45.9996237Z,Buy,20.04,560
2025-07-24T01:38:45.9996237Z,Buy,20.04,81
2025-07-24T01:38:46.0196237Z,Buy,20.04,393
2025-07-24T01:38:46.0196237Z,Buy,20.05,249
2025-07-24T01:38:46.0796237Z,Sell,20.04,1718
2025-07-24T01:38:46.1096237Z,Buy,20.05,917
2025-07-24T01:38:46.1196237Z,Sell,20.04,585
2025-07-24T01:38:46.1296237Z,Buy,20.05,97
2025-07-24T01:38:46.1296237Z,Buy,20.06,454
2025-07-24T01:38:46.1496237Z,Sell,20.04,1754
2025-07-24T01:38:46.1496237Z,Sell,20.04,244
2025-07-24T01:38:46.1796237Z,Buy,20.05,190
2025-07-24T01:38:46.1796237Z,Buy,20.06,2500
2025-07-24T01:38:46.1796237Z,Buy,20.06,19
2025-07-24T01:38:46.1996237Z,Buy,20.06,438
2025-07-24T01:38:46.1996237Z,Buy,20.06,1055
2025-07-24T01:38:46.2196237Z,Buy,20.05,1022
2025-07-24T01:38:46.2396237Z,Buy,20.05,29
2025-07-24T01:38:46.2396237Z,Buy,20.06,2500
2025-07-24T01:38:46.2396237Z,Buy,20.06,79
2025-07-24T01:38:46.2496237Z,Sell,20.04,1127
2025-07-24T01:38:46.2496237Z,Sell,20.04,1926
2025-07-24T01:38:46.2596237Z,Buy,20.06,1515
2025-07-24T01:38:46.2596237Z,Buy,20.06,251
2025-07-24T01:38:46.2596237Z,Buy,20.06,280
2025-07-24T01:38:46.2596237Z,Buy,20.06,711
2025-07-24T01:38:46.2796237Z,Buy,20.06,1673
2025-07-24T01:38:46.2896237Z,Sell,20.04,121
2025-07-24T01:38:46.3196237Z,Sell,20.04,1080
2025-07-24T01:38:46.3496237Z,Buy,20.06,878
2025-07-24T01:38:46.3696237Z,Sell,20.04,298
2025-07-24T01:38:46.3696237Z,Sell,20.04,453
2025-07-24T01:38:46.3696237Z,Sell,20.04,121
2025-07-24T01:38:46.3696237Z,Sell,20.04,1069
2025-07-24T01:38:46.3696237Z,Sell,20.04,674
2025-07-24T01:38:46.3796237Z,Buy,20.06,340
2025-07-24T01:38:46.3996237Z,Buy,20.06,1203
2025-07-24T01:38:46.3996237Z,Buy,20.06,23
2025-07-24T01:38:46.4196237Z,Buy,20.06,2604
2025-07-24T01:38:46.4196237Z,Buy,20.06,1259
2025-07-24T01:38:46.4196237Z,Buy,20.06,8416
2025-07-24T01:38:46.4496237Z,Buy,20.06,981
2025-07-24T01:38:46.4496237Z,Buy,20.06,2897
2025-07-24T01:38:46.4496237Z,Buy,20.06,114
2025-07-24T01:38:46.4496237Z,Buy,20.06,2477
2025-07-24T01:38:46.4496237Z,Buy,20.06,23
2025-07-24T01:38:46.4496237Z,Buy,20.06,691
2025-07-24T01:38:46.4496237Z,Buy,20.06,1631
2025-07-24T01:38:46.4596237Z,Buy,20.06,2389
2025-07-24T01:38:46.4596237Z,Buy,20.06,490
2025-07-24T01:38:46.4996237Z,Sell,20.05,1406
2025-07-24T01:38:46.5396237Z,Buy,20.06,1614
2025-07-24T01:38:46.5496237Z,Buy,20.06,752
2025-07-24T01:38:46.5596237Z,Buy,20.06,361
2025-07-24T01:38:46.5596237Z,Buy,20.06,142
2025-07-24T01:38:46.5896237Z,Buy,20.06,83
2025-07-24T01:38:46.5896237Z,Buy,20.06,821
2025-07-24T01:38:46.5996237Z,Sell,20.05,198
2025-07-24T01:38:46.6096237Z,Buy,20.06,684
2025-07-24T01:38:46.6296237Z,Sell,20.05,327
2025-07-24T01:38:46.6296237Z,Sell,20.05,2094
2025-07-24T01:38:46.6696237Z,Buy,20.05,414
2025-07-24T01:38:46.6696237Z,Buy,20.06,152
2025-07-24T01:38:46.6796237Z,Buy,20.06,209
2025-07-24T01:38:46.6896237Z,Buy,20.06,1405
2025-07-24T01:38:46.6996237Z,Buy,20.06,2500
2025-07-24T01:38:46.6996237Z,Buy,20.06,55
2025-07-24T01:38:46.7096237Z,Buy,20.06,805
2025-07-24T01:38:46.7396237Z,Sell,20.04,342
2025-07-24T01:38:46.7396237Z,Sell,20.04,231
2025-07-24T01:38:46.7396237Z,Sell,20.04,3140
2025-07-24T01:38:46.7396237Z,Sell,20.04,4254
2025-07-24T01:38:46.7796237Z,Sell,20.04,165
2025-07-24T01:38:46.7796237Z,Sell,20.04,233
2025-07-24T01:38:46.7796237Z,Sell,20.04,224
2025-07-24T01:38:46.7796237Z,Sell,20.04,3841
2025-07-24T01:38:46.7896237Z,Buy,20.05,736
2025-07-24T01:38:46.8096237Z,Sell,20.04,180
2025-07-24T01:38:46.8196237Z,Buy,20.05,108
2025-07-24T01:38:46.8196237Z,Buy,20.05,1315
2025-07-24T01:38:46.8496237Z,Buy,20.05,651
2025-07-24T01:38:46.8696237Z,Buy,20.05,40
2025-07-24T01:38:46.8696237Z,Buy,20.06,2055
2025-07-24T01:38:46.8796237Z,Buy,20.06,1964
2025-07-24T01:38:46.8996237Z,Sell,20.04,352
2025-07-24T01:38:46.9096237Z,Buy,20.06,354
2025-07-24T01:38:46.9196237Z,Sell,20.04,597
2025-07-24T01:38:46.9196237Z,Sell,20.04,359
2025-07-24T01:38:46.9296237Z,Buy,20.06,711
2025-07-24T01:38:46.9396237Z,Buy,20.06,194
2025-07-24T01:38:46.9496237Z,Sell,20.04,1512
2025-07-24T01:38:46.9696237Z,Buy,20.06,287
2025-07-24T01:38:46.9796237Z,Buy,20.06,2159
2025-07-24T01:38:46.9896237Z,Sell,20.04,1896
2025-07-24T01:38:46.9996237Z,Buy,20.06,179
2025-07-24T01:38:47.0096237Z,Sell,20.04,1805
2025-07-24T01:38:47.0396237Z,Buy,20.06,1167
2025-07-24T01:38:47.0596237Z,Sell,20.04,416
2025-07-24T01:38:47.0896237Z,Sell,20.04,7421
2025-07-24T01:38:47.0896237Z,Sell,20.04,2500
2025-07-24T01:38:47.0896237Z,Sell,20.03,674
2025-07-24T01:38:47.0896237Z,Sell,20.03,1305
2025-07-24T01:38:47.0896237Z,Sell,20.03,2360
2025-07-24T01:38:47.0896237Z,Sell,20.03,1656
2025-07-24T01:38:47.0896237Z,Sell,20.03,3219
2025-07-24T01:38:47.0996237Z,Buy,20.05,1090
2025-07-24T01:38:47.1096237Z,Sell,20.03,177
2025-07-24T01:38:47.1196237Z,Buy,20.05,986
2025-07-24T01:38:47.1296237Z,Sell,20.03,1119
2025-07-24T01:38:47.1796237Z,Buy,20.06,1430
2025-07-24T01:38:47.1996237Z,Buy,20.06,1345
2025-07-24T01:38:47.2296237Z,Buy,20.05,266
2025-07-24T01:38:47.2696237Z,Buy,20.05,936
2025-07-24T01:38:47.2696237Z,Buy,20.06,2500
2025-07-24T01:38:47.2696237Z,Buy,20.06,14
2025-07-24T01:38:47.2796237Z,Buy,20.06,2605
2025-07-24T01:38:47.2996237Z,Sell,20.04,552
2025-07-24T01:38:47.2996237Z,Sell,20.04,854
2025-07-24T01:38:47.3196237Z,Sell,20.04,586
2025-07-24T01:38:47.3196237Z,Sell,20.04,2500
2025-07-24T01:38:47.3196237Z,Sell,20.04,1930
2025-07-24T01:38:47.3296237Z,Buy,20.06,969
2025-07-24T01:38:47.3396237Z,Sell,20.04,2024
2025-07-24T01:38:47.3496237Z,Buy,20.06,1560
2025-07-24T01:38:47.3696237Z,Sell,20.04,516
2025-07-24T01:38:47.3896237Z,Buy,20.06,298
2025-07-24T01:38:47.3896237Z,Buy,20.06,1418
2025-07-24T01:38:47.4396237Z,Buy,20.06,604
2025-07-24T01:38:47.4496237Z,Buy,20.06,607
2025-07-24T01:38:47.4796237Z,Sell,20.05,184
2025-07-24T01:38:47.4796237Z,Sell,20.05,1957
2025-07-24T01:38:47.4996237Z,Sell,20.04,2500
2025-07-24T01:38:47.4996237Z,Sell,20.04,2757
2025-07-24T01:38:47.5696237Z,Buy,20.06,924
2025-07-24T01:38:47.5896237Z,Sell,20.05,663
2025-07-24T01:38:47.5896237Z,Sell,20.05,2500
2025-07-24T01:38:47.5896237Z,Sell,20.04,812
2025-07-24T01:38:47.5896237Z,Sell,20.04,787
2025-07-24T01:38:47.6296237Z,Sell,20.05,309
2025-07-24T01:38:47.6496237Z,Sell,20.05,1079
2025-07-24T01:38:47.6496237Z,Sell,20.05,1324
2025-07-24T01:38:47.6696237Z,Sell,20.04,401
2025-07-24T01:38:47.6996237Z,Buy,20.06,96
2025-07-24T01:38:47.6996237Z,Buy,20.06,1147
2025-07-24T01:38:47.7196237Z,Buy,20.06,306
2025-07-24T01:38:47.7196237Z,Buy,20.06,2224
2025-07-24T01:38:47.7396237Z,Sell,20.04,841
2025-07-24T01:38:47.7996237Z,Buy,20.06,1094
2025-07-24T01:38:47.8196237Z,Buy,20.06,589
2025-07-24T01:38:47.8196237Z,Buy,20.06,7288
2025-07-24T01:38:47.8196237Z,Buy,20.06,2686
2025-07-24T01:38:47.8196237Z,Buy,20.06,546
2025-07-24T01:38:47.8196237Z,Buy,20.06,1367
2025-07-24T01:38:47.8196237Z,Buy,20.07,2500
2025-07-24T01:38:47.8196237Z,Buy,20.07,138
2025-07-24T01:38:47.8196237Z,Buy,20.07,635
2025-07-24T01:38:47.8496237Z,Buy,20.06,1576
2025-07-24T01:38:47.8596237Z,Buy,20.06,532
2025-07-24T01:38:47.8896237Z,Buy,20.06,8853
2025-07-24T01:38:47.8896237Z,Buy,20.06,236
2025-07-24T01:38:47.8996237Z,Buy,20.06,710
2025-07-24T01:38:47.9196237Z,Buy,20.06,490
2025-07-24T01:38:47.9296237Z,Buy,20.06,664
2025-07-24T01:38:47.9296237Z,Buy,20.07,326
2025-07-24T01:38:47.9496237Z,Buy,20.06,372
2025-07-24T01:38:47.9596237Z,Buy,20.06,1712
2025-07-24T01:38:47.9596237Z,Buy,20.07,477
2025-07-24T01:38:47.9696237Z,Sell,20.05,287
2025-07-24T01:38:47.9696237Z,Sell,20.05,533
2025-07-24T01:38:47.9696237Z,Sell,20.05,159
2025-07-24T01:38:47.9996237Z,Sell,20.05,965
2025-07-24T01:38:48.0296237Z,Buy,20.07,796
2025-07-24T01:38:48.0396237Z,Sell,20.05,1061
2025-07-24T01:38:48.0396237Z,Sell,20.05,252
2025-07-24T01:38:48.0396237Z,Sell,20.05,8
2025-07-24T01:38:48.0496237Z,Buy,20.07,172
2025-07-24T01:38:48.0596237Z,Buy,20.07,2301
2025-07-24T01:38:48.0796237Z,Buy,20.07,271
2025-07-24T01:38:48.1196237Z,Sell,20.05,563
2025-07-24T01:38:48.1396237Z,Sell,20.05,104
2025-07-24T01:38:48.1396237Z,Sell,20.05,2500
2025-07-24T01:38:48.1396237Z,Sell,20.04,151
2025-07-24T01:38:48.1496237Z,Sell,20.04,766
2025-07-24T01:38:48.1596237Z,Sell,20.04,350
2025-07-24T01:38:48.1596237Z,Sell,20.04,546
2025-07-24T01:38:48.1696237Z,Sell,20.04,1505
2025-07-24T01:38:48.1796237Z,Buy,20.06,1399
2025-07-24T01:38:48.1796237Z,Buy,20.06,262
2025-07-24T01:38:48.1796237Z,Buy,20.06,1403
2025-07-24T01:38:48.1896237Z,Buy,20.06,369
2025-07-24T01:38:48.1996237Z,Sell,20.04,2500
2025-07-24T01:38:48.1996237Z,Sell,20.04,4761
2025-07-24T01:38:48.2196237Z,Sell,20.05,1641
2025-07-24T01:38:48.2196237Z,Sell,20.05,1568
2025-07-24T01:38:48.2296237Z,Sell,20.05,932
2025-07-24T01:38:48.2296237Z,Sell,20.05,1556
2025-07-24T01:38:48.2496237Z,Sell,20.04,298
2025-07-24T01:38:48.2596237Z,Buy,20.06,608
2025-07-24T01:38:48.2796237Z,Sell,20.04,933
2025-07-24T01:38:48.2896237Z,Sell,20.04,256
2025-07-24T01:38:48.2996237Z,Sell,20.04,1483
2025-07-24T01:38:48.3096237Z,Sell,20.04,608
2025-07-24T01:38:48.3496237Z,Buy,20.05,1266
2025-07-24T01:38:48.3496237Z,Buy,20.06,2500
2025-07-24T01:38:48.3496237Z,Buy,20.06,289
2025-07-24T01:38:48.3596237Z,Sell,20.04,9
2025-07-24T01:38:48.3596237Z,Sell,20.04,417
2025-07-24T01:38:48.3696237Z,Buy,20.06,372
2025-07-24T01:38:48.3896237Z,Sell,20.04,578
2025-07-24T01:38:48.4296237Z,Sell,20.04,253
2025-07-24T01:38:48.4296237Z,Sell,20.04,215
2025-07-24T01:38:48.4396237Z,Sell,20.04,477
2025-07-24T01:38:48.4396237Z,Sell,20.04,256
2025-07-24T01:38:48.4396237Z,Sell,20.04,2673
2025-07-24T01:38:48.4796237Z,Buy,20.05,248
2025-07-24T01:38:48.4796237Z,Buy,20.05,131
2025-07-24T01:38:48.4796237Z,Buy,20.05,3361
2025-07-24T01:38:48.4896237Z,Buy,20.05,798
2025-07-24T01:38:48.4896237Z,Buy,20.06,291
2025-07-24T01:38:48.4996237Z,Sell,20.04,217
2025-07-24T01:38:48.4996237Z,Sell,20.04,214
2025-07-24T01:38:48.5296237Z,Buy,20.06,3255
2025-07-24T01:38:48.5396237Z,Buy,20.06,828
2025-07-24T01:38:48.5396237Z,Buy,20.06,593
2025-07-24T01:38:48.5396237Z,Buy,20.06,1470
2025-07-24T01:38:48.5396237Z,Buy,20.06,5929
2025-07-24T01:38:48.5596237Z,Buy,20.06,192
2025-07-24T01:38:48.5796237Z,Sell,20.05,1197
2025-07-24T01:38:48.5896237Z,Sell,20.05,454
2025-07-24T01:38:48.5996237Z,Buy,20.06,2071
2025-07-24T01:38:48.5996237Z,Buy,20.07,628
2025-07-24T01:38:48.6096237Z,Sell,20.05,316
2025-07-24T01:38:48.6096237Z,Sell,20.05,42
2025-07-24T01:38:48.6196237Z,Sell,20.05,2458
2025-07-24T01:38:48.6196237Z,Sell,20.05,42
2025-07-24T01:38:48.6196237Z,Sell,20.04,1159
2025-07-24T01:38:48.6696237Z,Sell,20.04,491
2025-07-24T01:38:48.7296237Z,Buy,20.05,367
2025-07-24T01:38:48.7396237Z,Buy,20.05,139
2025-07-24T01:38:48.7396237Z,Buy,20.06,161
2025-07-24T01:38:48.7496237Z,Buy,20.06,2299
2025-07-24T01:38:48.7596237Z,Sell,20.04,852
2025-07-24T01:38:48.7696237Z,Sell,20.04,138
2025-07-24T01:38:48.7796237Z,Buy,20.06,266
2025-07-24T01:38:48.7896237Z,Buy,20.06,376
2025-07-24T01:38:48.8096237Z,Buy,20.06,917
2025-07-24T01:38:48.8296237Z,Sell,20.05,361
2025-07-24T01:38:48.8596237Z,Buy,20.06,355
2025-07-24T01:38:48.8596237Z,Buy,20.06,2912
2025-07-24T01:38:48.8696237Z,Sell,20.05,584
2025-07-24T01:38:48.8696237Z,Sell,20.05,1555
2025-07-24T01:38:48.8696237Z,Sell,20.05,1308
2025-07-24T01:38:48.8796237Z,Sell,20.04,2500
2025-07-24T01:38:48.8796237Z,Sell,20.04,144
2025-07-24T01:38:48.8796237Z,Sell,20.04,408
2025-07-24T01:38:48.8896237Z,Sell,20.04,999
2025-07-24T01:38:48.8896237Z,Sell,20.04,382
2025-07-24T01:38:48.9196237Z,Buy,20.06,800
2025-07-24T01:38:48.9196237Z,Buy,20.06,1732
2025-07-24T01:38:48.9196237Z,Buy,20.06,1599
2025-07-24T01:38:48.9396237Z,Buy,20.06,1291
2025-07-24T01:38:48.9496237Z,Buy,20.06,1568
2025-07-24T01:38:48.9596237Z,Sell,20.04,492
2025-07-24T01:38:48.9896237Z,Buy,20.06,243
2025-07-24T01:38:48.9996237Z,Sell,20.04,386
2025-07-24T01:38:49.0196237Z,Sell,20.04,1835
2025-07-24T01:38:49.0496237Z,Sell,20.04,924
2025-07-24T01:38:49.0496237Z,Sell,20.04,1305
2025-07-24T01:38:49.1096237Z,Sell,20.05,1155
2025-07-24T01:38:49.1096237Z,Sell,20.05,937
2025-07-24T01:38:49.1196237Z,Sell,20.04,588
2025-07-24T01:38:49.1296237Z,Buy,20.06,146
2025-07-24T01:38:49.1696237Z,Buy,20.06,116
2025-07-24T01:38:49.1896237Z,Buy,20.06,738
2025-07-24T01:38:49.1896237Z,Buy,20.06,819
2025-07-24T01:38:49.1996237Z,Sell,20.05,267
2025-07-24T01:38:49.1996237Z,Sell,20.05,864
2025-07-24T01:38:49.2096237Z,Buy,20.06,221
2025-07-24T01:38:49.2096237Z,Buy,20.06,476
2025-07-24T01:38:49.2096237Z,Buy,20.06,330
2025-07-24T01:38:49.2096237Z,Buy,20.06,313
2025-07-24T01:38:49.2296237Z,Sell,20.04,477
2025-07-24T01:38:49.2596237Z,Sell,20.04,1085
2025-07-24T01:38:49.2896237Z,Buy,20.06,1279
2025-07-24T01:38:49.3096237Z,Sell,20.04,815
2025-07-24T01:38:49.3496237Z,Sell,20.04,337
2025-07-24T01:38:49.3496237Z,Sell,20.04,78
2025-07-24T01:38:49.3696237Z,Buy,20.05,354
2025-07-24T01:38:49.3796237Z,Sell,20.04,1542
2025-07-24T01:38:49.3896237Z,Sell,20.04,392
2025-07-24T01:38:49.3996237Z,Sell,20.04,258
2025-07-24T01:38:49.3996237Z,Sell,20.04,31
2025-07-24T01:38:49.4096237Z,Sell,20.04,2520
2025-07-24T01:38:49.4096237Z,Sell,20.04,423
2025-07-24T01:38:49.4096237Z,Sell,20.04,906
2025-07-24T01:38:49.4096237Z,Sell,20.04,2500
2025-07-24T01:38:49.4096237Z,Sell,20.03,123
2025-07-24T01:38:49.4196237Z,Sell,20.03,666
2025-07-24T01:38:49.4196237Z,Sell,20.03,2139
2025-07-24T01:38:49.4196237Z,Sell,20.03,5257
2025-07-24T01:38:49.4196237Z,Sell,20.03,810
2025-07-24T01:38:49.4196237Z,Sell,20.03,821
2025-07-24T01:38:49.4296237Z,Sell,20.03,290
2025-07-24T01:38:49.4496237Z,Buy,20.05,1541
2025-07-24T01:38:49.4596237Z,Sell,20.03,118
2025-07-24T01:38:49.4596237Z,Sell,20.03,387
2025-07-24T01:38:49.4596237Z,Sell,20.03,872
2025-07-24T01:38:49.4696237Z,Buy,20.05,6258
2025-07-24T01:38:49.4696237Z,Buy,20.05,249
2025-07-24T01:38:49.4796237Z,Sell,20.03,36
2025-07-24T01:38:49.4796237Z,Sell,20.03,502
2025-07-24T01:38:49.4796237Z,Sell,20.03,1597
2025-07-24T01:38:49.5096237Z,Buy,20.05,1691
2025-07-24T01:38:49.5296237Z,Buy,20.05,249
2025-07-24T01:38:49.5296237Z,Buy,20.05,560
2025-07-24T01:38:49.5296237Z,Buy,20.05,13
2025-07-24T01:38:49.5396237Z,Sell,20.03,872
2025-07-24T01:38:49.5396237Z,Sell,20.03,4
2025-07-24T01:38:49.5596237Z,Buy,20.05,1678
2025-07-24T01:38:49.5596237Z,Buy,20.05,778
2025-07-24T01:38:49.5796237Z,Sell,20.03,730
2025-07-24T01:38:49.5896237Z,Sell,20.03,2689
2025-07-24T01:38:49.6196237Z,Buy,20.04,830
2025-07-24T01:38:49.6296237Z,Buy,20.04,57
2025-07-24T01:38:49.6296237Z,Buy,20.04,689
2025-07-24T01:38:49.6296237Z,Buy,20.05,2500
2025-07-24T01:38:49.6296237Z,Buy,20.06,567
2025-07-24T01:38:49.6396237Z,Sell,20.03,434
2025-07-24T01:38:49.6496237Z,Sell,20.03,478
2025-07-24T01:38:49.6996237Z,Sell,20.03,187
2025-07-24T01:38:49.7096237Z,Buy,20.05,303
2025-07-24T01:38:49.7196237Z,Sell,20.03,2500
2025-07-24T01:38:49.7196237Z,Sell,20.03,105
2025-07-24T01:38:49.7296237Z,Sell,20.03,172
2025-07-24T01:38:49.7396237Z,Buy,20.05,707
2025-07-24T01:38:49.7396237Z,Buy,20.05,1412
2025-07-24T01:38:49.7596237Z,Sell,20.03,409
2025-07-24T01:38:49.7696237Z,Sell,20.03,1007
2025-07-24T01:38:49.7696237Z,Sell,20.03,2091
2025-07-24T01:38:49.7696237Z,Sell,20.03,409
2025-07-24T01:38:49.7696237Z,Sell,20.02,145
2025-07-24T01:38:49.7796237Z,Sell,20.03,356
2025-07-24T01:38:49.7896237Z,Buy,20.05,590
2025-07-24T01:38:49.7996237Z,Buy,20.05,1910
2025-07-24T01:38:49.7996237Z,Buy,20.05,590
2025-07-24T01:38:49.7996237Z,Buy,20.06,2152
2025-07-24T01:38:49.7996237Z,Buy,20.06,469
2025-07-24T01:38:49.8096237Z,Sell,20.03,2500
2025-07-24T01:38:49.8096237Z,Sell,20.02,791
2025-07-24T01:38:49.8296237Z,Sell,20.03,405
2025-07-24T01:38:49.8396237Z,Sell,20.03,2095
2025-07-24T01:38:49.8396237Z,Sell,20.03,405
2025-07-24T01:38:49.8396237Z,Sell,20.02,375
2025-07-24T01:38:49.8596237Z,Sell,20.03,2450
2025-07-24T01:38:49.8696237Z,Sell,20.03,496
2025-07-24T01:38:49.8896237Z,Sell,20.03,2244
2025-07-24T01:38:49.8896237Z,Sell,20.03,1213
2025-07-24T01:38:49.9596237Z,Sell,20.04,1285
2025-07-24T01:38:49.9696237Z,Sell,20.04,136
2025-07-24T01:38:49.9696237Z,Sell,20.04,1126
2025-07-24T01:38:49.9796237Z,Sell,20.03,608
2025-07-24T01:38:49.9896237Z,Sell,20.03,367
2025-07-24T01:38:50.0196237Z,Sell,20.03,2446
2025-07-24T01:38:50.0396237Z,Sell,20.04,4416
2025-07-24T01:38:50.0796237Z,Sell,20.04,769
2025-07-24T01:38:50.0896237Z,Sell,20.04,97
2025-07-24T01:38:50.0896237Z,Sell,20.04,2547
2025-07-24T01:38:50.1196237Z,Sell,20.04,1021
2025-07-24T01:38:50.1596237Z,Sell,20.04,205
2025-07-24T01:38:50.1596237Z,Sell,20.04,1459
2025-07-24T01:38:50.1996237Z,Buy,20.05,260
2025-07-24T01:38:50.2296237Z,Sell,20.04,440
2025-07-24T01:38:50.2296237Z,Sell,20.04,1340
2025-07-24T01:38:50.2396237Z,Sell,20.04,406
2025-07-24T01:38:50.2396237Z,Sell,20.04,2500
2025-07-24T01:38:50.2396237Z,Sell,20.03,223
2025-07-24T01:38:50.2396237Z,Sell,20.03,4080
2025-07-24T01:38:50.2996237Z,Sell,20.03,2363
2025-07-24T01:38:50.3196237Z,Sell,20.03,213
2025-07-24T01:38:50.3296237Z,Sell,20.03,739
2025-07-24T01:38:50.3496237Z,Sell,20.03,444
2025-07-24T01:38:50.3596237Z,Sell,20.03,1170
2025-07-24T01:38:50.3596237Z,Sell,20.03,273
2025-07-24T01:38:50.3896237Z,Buy,20.04,278
2025-07-24T01:38:50.4196237Z,Buy,20.04,507
2025-07-24T01:38:50.4196237Z,Buy,20.04,277
2025-07-24T01:38:50.4496237Z,Buy,20.04,552
2025-07-24T01:38:50.4496237Z,Buy,20.04,979
2025-07-24T01:38:50.5196237Z,Sell,20.03,226
2025-07-24T01:38:50.5196237Z,Sell,20.03,561
2025-07-24T01:38:50.5296237Z,Sell,20.03,972
2025-07-24T01:38:50.5396237Z,Buy,20.04,2170
2025-07-24T01:38:50.5396237Z,Buy,20.04,2087
2025-07-24T01:38:50.5496237Z,Sell,20.03,114
2025-07-24T01:38:50.5496237Z,Sell,20.03,1481
2025-07-24T01:38:50.5496237Z,Sell,20.03,2500
2025-07-24T01:38:50.5496237Z,Sell,20.02,6
2025-07-24T01:38:50.5496237Z,Sell,20.02,149
2025-07-24T01:38:50.5496237Z,Sell,20.02,496
2025-07-24T01:38:50.5496237Z,Sell,20.02,2152
2025-07-24T01:38:50.5496237Z,Sell,20.01,331
2025-07-24T01:38:50.5696237Z,Sell,20.02,280
2025-07-24T01:38:50.6396237Z,Sell,20.02,776
2025-07-24T01:38:50.6396237Z,Sell,20.02,2500
2025-07-24T01:38:50.6396237Z,Sell,20.01,298
2025-07-24T01:38:50.6396237Z,Sell,20.01,607
2025-07-24T01:38:50.6396237Z,Sell,20.01,577
2025-07-24T01:38:50.6496237Z,Buy,20.03,429
2025-07-24T01:38:50.6596237Z,Sell,20.01,866
2025-07-24T01:38:50.6696237Z,Sell,20.01,406
2025-07-24T01:38:50.6796237Z,Buy,20.03,84
2025-07-24T01:38:50.7196237Z,Buy,20.03,920
2025-07-24T01:38:50.7396237Z,Sell,20.01,703
2025-07-24T01:38:50.7496237Z,Sell,20.01,376
2025-07-24T01:38:50.7496237Z,Sell,20.01,144
2025-07-24T01:38:50.7796237Z,Sell,20.01,1116
2025-07-24T01:38:50.7896237Z,Sell,20.01,144
2025-07-24T01:38:50.7896237Z,Sell,20.01,1240
2025-07-24T01:38:50.7896237Z,Sell,20.01,159
2025-07-24T01:38:50.7996237Z,Sell,20.01,470
2025-07-24T01:38:50.8096237Z,Buy,20.03,2483
2025-07-24T01:38:50.8196237Z,Buy,20.03,17
2025-07-24T01:38:50.8196237Z,Buy,20.03,434
2025-07-24T01:38:50.8596237Z,Sell,20.01,327
2025-07-24T01:38:50.8596237Z,Sell,20.01,2500
2025-07-24T01:38:50.8596237Z,Sell,20.00,1584
2025-07-24T01:38:50.8696237Z,Sell,20.00,815
2025-07-24T01:38:50.8796237Z,Buy,20.02,179
2025-07-24T01:38:50.8896237Z,Buy,20.02,2321
2025-07-24T01:38:50.8896237Z,Buy,20.02,159
2025-07-24T01:38:50.8996237Z,Buy,20.02,20
2025-07-24T01:38:50.8996237Z,Buy,20.02,2480
2025-07-24T01:38:50.8996237Z,Buy,20.02,1124
2025-07-24T01:38:50.9096237Z,Buy,20.02,2387
2025-07-24T01:38:50.9196237Z,Sell,20.00,1510
2025-07-24T01:38:50.9296237Z,Sell,20.00,571
2025-07-24T01:38:50.9496237Z,Sell,20.00,359
2025-07-24T01:38:50.9596237Z,Sell,20.00,317
2025-07-24T01:38:50.9696237Z,Buy,20.02,113
2025-07-24T01:38:50.9696237Z,Buy,20.02,334
2025-07-24T01:38:50.9796237Z,Sell,20.00,571
2025-07-24T01:38:50.9796237Z,Sell,20.00,218
2025-07-24T01:38:51.0596237Z,Sell,19.99,3384
2025-07-24T01:38:51.0596237Z,Sell,19.99,717
2025-07-24T01:38:51.0596237Z,Sell,19.99,33
2025-07-24T01:38:51.0696237Z,Sell,19.99,1622
2025-07-24T01:38:51.0696237Z,Sell,19.99,2500
2025-07-24T01:38:51.0696237Z,Sell,19.98,867
2025-07-24T01:38:51.0796237Z,Sell,19.98,2500
2025-07-24T01:38:51.0796237Z,Sell,19.97,618
2025-07-24T01:38:51.0896237Z,Sell,19.97,2500
2025-07-24T01:38:51.0896237Z,Sell,19.96,799
2025-07-24T01:38:51.0996237Z,Sell,19.97,914
2025-07-24T01:38:51.1096237Z,Sell,19.97,1586
2025-07-24T01:38:51.1096237Z,Sell,19.97,914
2025-07-24T01:38:51.1096237Z,Sell,19.96,151
2025-07-24T01:38:51.1396237Z,Sell,19.97,1237
2025-07-24T01:38:51.1396237Z,Sell,19.97,1370
2025-07-24T01:38:51.1496237Z,Sell,19.97,1130
2025-07-24T01:38:51.1496237Z,Sell,19.97,1370
2025-07-24T01:38:51.1496237Z,Sell,19.96,2152
2025-07-24T01:38:51.1496237Z,Sell,19.95,446
2025-07-24T01:38:51.1696237Z,Sell,19.96,830
2025-07-24T01:38:51.1896237Z,Sell,19.96,508
2025-07-24T01:38:51.2096237Z,Buy,19.98,180
2025-07-24T01:38:51.2296237Z,Buy,19.98,519
2025-07-24T01:38:51.2396237Z,Buy,19.98,180
2025-07-24T01:38:51.2396237Z,Buy,19.98,1427
2025-07-24T01:38:51.2496237Z,Sell,19.96,338
2025-07-24T01:38:51.2596237Z,Buy,19.98,519
2025-07-24T01:38:51.2596237Z,Buy,19.98,374
2025-07-24T01:38:51.2596237Z,Buy,19.98,1607
2025-07-24T01:38:51.2596237Z,Buy,19.98,1541
2025-07-24T01:38:51.2596237Z,Buy,19.98,149
2025-07-24T01:38:51.2796237Z,Sell,19.97,920
2025-07-24T01:38:51.2996237Z,Sell,19.97,345
2025-07-24T01:38:51.2996237Z,Sell,19.97,1765
2025-07-24T01:38:51.3096237Z,Sell,19.96,362
2025-07-24T01:38:51.3296237Z,Sell,19.97,709
2025-07-24T01:38:51.3296237Z,Sell,19.97,2500
2025-07-24T01:38:51.3296237Z,Sell,19.96,2152
2025-07-24T01:38:51.3296237Z,Sell,19.95,146
2025-07-24T01:38:51.3396237Z,Sell,19.95,1227
2025-07-24T01:38:51.3596237Z,Sell,19.95,1706
2025-07-24T01:38:51.3796237Z,Buy,19.97,243
2025-07-24T01:38:51.3896237Z,Buy,19.97,309
2025-07-24T01:38:51.3896237Z,Buy,19.97,1136
2025-07-24T01:38:51.4296237Z,Sell,19.95,62
2025-07-24T01:38:51.4496237Z,Sell,19.95,1049
2025-07-24T01:38:51.4496237Z,Sell,19.95,1114
2025-07-24T01:38:51.4596237Z,Buy,19.96,566
2025-07-24T01:38:51.4596237Z,Buy,19.97,190
2025-07-24T01:38:51.4696237Z,Sell,19.95,665
2025-07-24T01:38:51.4696237Z,Sell,19.95,2463
2025-07-24T01:38:51.4996237Z,Buy,19.96,229
2025-07-24T01:38:51.4996237Z,Buy,19.96,1960
2025-07-24T01:38:51.5196237Z,Sell,19.94,321
2025-07-24T01:38:51.5296237Z,Sell,19.94,2179
2025-07-24T01:38:51.5296237Z,Sell,19.94,321
2025-07-24T01:38:51.5296237Z,Sell,19.93,2152
2025-07-24T01:38:51.5296237Z,Sell,19.93,4500
2025-07-24T01:38:51.5396237Z,Buy,19.96,2500
2025-07-24T01:38:51.5396237Z,Buy,19.97,204
2025-07-24T01:38:51.5496237Z,Sell,19.94,1434
2025-07-24T01:38:51.5696237Z,Sell,19.94,512
2025-07-24T01:38:51.5896237Z,Buy,19.95,165
2025-07-24T01:38:51.5996237Z,Buy,19.95,950
2025-07-24T01:38:51.5996237Z,Buy,19.95,356
2025-07-24T01:38:51.5996237Z,Buy,19.95,636
2025-07-24T01:38:51.6196237Z,Sell,19.94,336
2025-07-24T01:38:51.6196237Z,Sell,19.94,105
2025-07-24T01:38:51.6296237Z,Sell,19.94,2395
2025-07-24T01:38:51.6296237Z,Sell,19.94,105
2025-07-24T01:38:51.6296237Z,Sell,19.93,76
2025-07-24T01:38:51.6496237Z,Sell,19.93,747
2025-07-24T01:38:51.6596237Z,Buy,19.95,349
2025-07-24T01:38:51.6596237Z,Buy,19.95,1051
2025-07-24T01:38:51.7396237Z,Buy,19.95,1525
2025-07-24T01:38:51.7396237Z,Buy,19.95,254
2025-07-24T01:38:51.7496237Z,Sell,19.94,459
2025-07-24T01:38:51.7496237Z,Sell,19.94,726
2025-07-24T01:38:51.7496237Z,Sell,19.94,2500
2025-07-24T01:38:51.7496237Z,Sell,19.93,20712
2025-07-24T01:38:51.7696237Z,Sell,19.93,794
2025-07-24T01:38:51.7696237Z,Sell,19.93,327
2025-07-24T01:38:51.7896237Z,Sell,19.93,1816
2025-07-24T01:38:51.7996237Z,Sell,19.93,4295
2025-07-24T01:38:51.8096237Z,Buy,19.95,250
2025-07-24T01:38:51.8096237Z,Buy,19.95,2500
2025-07-24T01:38:51.8096237Z,Buy,19.95,166
2025-07-24T01:38:51.8196237Z,Sell,19.93,684
2025-07-24T01:38:51.8196237Z,Sell,19.93,771
2025-07-24T01:38:51.8596237Z,Buy,19.94,581
2025-07-24T01:38:51.8596237Z,Buy,19.95,455
2025-07-24T01:38:51.8696237Z,Buy,19.95,103
2025-07-24T01:38:51.8796237Z,Buy,19.95,2082
2025-07-24T01:38:51.8896237Z,Buy,19.95,2500
2025-07-24T01:38:51.8896237Z,Buy,19.95,125
2025-07-24T01:38:51.8996237Z,Sell,19.93,478
2025-07-24T01:38:51.9096237Z,Sell,19.93,1617
2025-07-24T01:38:51.9096237Z,Sell,19.93,665
2025-07-24T01:38:51.9096237Z,Sell,19.93,2500
2025-07-24T01:38:51.9096237Z,Sell,19.93,986
2025-07-24T01:38:51.9196237Z,Buy,19.95,39
2025-07-24T01:38:51.9196237Z,Buy,19.95,119
2025-07-24T01:38:51.9296237Z,Sell,19.93,1222
2025-07-24T01:38:51.9496237Z,Sell,19.94,1006
2025-07-24T01:38:51.9696237Z,Buy,19.96,842
2025-07-24T01:38:51.9896237Z,Buy,19.96,1946
2025-07-24T01:38:51.9996237Z,Buy,19.96,592
2025-07-24T01:38:52.0096237Z,Buy,19.96,2500
2025-07-24T01:38:52.0096237Z,Buy,19.96,3759
2025-07-24T01:38:52.0196237Z,Buy,19.96,437
2025-07-24T01:38:52.0196237Z,Buy,19.96,112
2025-07-24T01:38:52.0196237Z,Buy,19.96,237
2025-07-24T01:38:52.0296237Z,Sell,19.94,860
2025-07-24T01:38:52.0596237Z,Buy,19.96,2500
2025-07-24T01:38:52.0596237Z,Buy,19.96,2153
2025-07-24T01:38:52.0696237Z,Sell,19.94,573
2025-07-24T01:38:52.0696237Z,Sell,19.94,2500
2025-07-24T01:38:52.0696237Z,Sell,19.94,1812
2025-07-24T01:38:52.0896237Z,Sell,19.94,354
2025-07-24T01:38:52.1096237Z,Sell,19.95,2251
2025-07-24T01:38:52.1296237Z,Buy,19.96,566
2025-07-24T01:38:52.1296237Z,Buy,19.96,37
2025-07-24T01:38:52.1596237Z,Buy,19.96,493
2025-07-24T01:38:52.1796237Z,Sell,19.95,350
2025-07-24T01:38:52.1796237Z,Sell,19.95,451
2025-07-24T01:38:52.1796237Z,Sell,19.95,605
2025-07-24T01:38:52.1896237Z,Sell,19.95,2407
2025-07-24T01:38:52.1996237Z,Buy,19.96,2628
2025-07-24T01:38:52.1996237Z,Buy,19.97,675
2025-07-24T01:38:52.2396237Z,Buy,19.97,662
2025-07-24T01:38:52.2596237Z,Buy,19.97,2500
2025-07-24T01:38:52.2596237Z,Buy,19.97,2162
2025-07-24T01:38:52.2596237Z,Buy,19.97,374
2025-07-24T01:38:52.2596237Z,Buy,19.97,407
2025-07-24T01:38:52.2596237Z,Buy,19.97,933
2025-07-24T01:38:52.2596237Z,Buy,19.97,720
2025-07-24T01:38:52.2596237Z,Buy,19.97,1011
2025-07-24T01:38:52.2596237Z,Buy,19.98,2152
2025-07-24T01:38:52.2596237Z,Buy,19.98,1002
2025-07-24T01:38:52.2596237Z,Buy,19.98,2284
2025-07-24T01:38:52.2996237Z,Sell,19.95,1910
2025-07-24T01:38:52.2996237Z,Sell,19.95,240
2025-07-24T01:38:52.3496237Z,Buy,19.96,398
2025-07-24T01:38:52.3596237Z,Sell,19.95,363
2025-07-24T01:38:52.3696237Z,Sell,19.95,630
2025-07-24T01:38:52.3896237Z,Buy,19.96,200
2025-07-24T01:38:52.4196237Z,Buy,19.96,1513
2025-07-24T01:38:52.4196237Z,Buy,19.96,723
2025-07-24T01:38:52.4196237Z,Buy,19.96,747
2025-07-24T01:38:52.4596237Z,Sell,19.95,270
2025-07-24T01:38:52.4696237Z,Buy,19.96,2103
2025-07-24T01:38:52.4696237Z,Buy,19.97,52
2025-07-24T01:38:52.4796237Z,Buy,19.97,176
2025-07-24T01:38:52.4896237Z,Buy,19.97,337
2025-07-24T01:38:52.5296237Z,Buy,19.97,1342
2025-07-24T01:38:52.5496237Z,Sell,19.95,855
2025-07-24T01:38:52.5496237Z,Sell,19.95,602
2025-07-24T01:38:52.5496237Z,Sell,19.95,605
2025-07-24T01:38:52.5596237Z,Buy,19.97,1358
2025-07-24T01:38:52.5796237Z,Buy,19.97,2500
2025-07-24T01:38:52.5796237Z,Buy,19.97,1288
2025-07-24T01:38:52.6296237Z,Buy,19.97,436
2025-07-24T01:38:52.6296237Z,Buy,19.98,704
2025-07-24T01:38:52.6396237Z,Buy,19.98,827
2025-07-24T01:38:52.6496237Z,Buy,19.98,2302
2025-07-24T01:38:52.6596237Z,Sell,19.96,316
2025-07-24T01:38:52.6696237Z,Sell,19.96,1705
2025-07-24T01:38:52.6896237Z,Buy,19.98,854
2025-07-24T01:38:52.6896237Z,Buy,19.98,2500
2025-07-24T01:38:52.6896237Z,Buy,19.99,118
2025-07-24T01:38:52.6996237Z,Buy,19.99,241
2025-07-24T01:38:52.7096237Z,Sell,19.97,844
2025-07-24T01:38:52.7096237Z,Sell,19.97,2500
2025-07-24T01:38:52.7096237Z,Sell,19.96,14786
2025-07-24T01:38:52.7096237Z,Sell,19.96,2152
2025-07-24T01:38:52.7096237Z,Sell,19.95,1052
2025-07-24T01:38:52.7096237Z,Sell,19.95,1765
2025-07-24T01:38:52.7096237Z,Sell,19.95,1462
2025-07-24T01:38:52.7096237Z,Sell,19.95,1232
2025-07-24T01:38:52.7096237Z,Sell,19.95,1601
2025-07-24T01:38:52.7296237Z,Buy,19.98,758
2025-07-24T01:38:52.7396237Z,Buy,19.98,1742
2025-07-24T01:38:52.7396237Z,Buy,19.98,758
2025-07-24T01:38:52.7396237Z,Buy,19.99,243
2025-07-24T01:38:52.7496237Z,Buy,19.99,1273
2025-07-24T01:38:52.7896237Z,Buy,19.98,465
2025-07-24T01:38:52.7896237Z,Buy,19.98,2443
2025-07-24T01:38:52.8296237Z,Sell,19.96,449
2025-07-24T01:38:52.8396237Z,Buy,19.98,2138
2025-07-24T01:38:52.8996237Z,Buy,19.97,718
2025-07-24T01:38:52.8996237Z,Buy,19.98,2500
2025-07-24T01:38:52.8996237Z,Buy,19.98,229
2025-07-24T01:38:52.9096237Z,Sell,19.96,973
2025-07-24T01:38:52.9396237Z,Buy,19.98,572
2025-07-24T01:38:52.9996237Z,Buy,19.97,104
2025-07-24T01:38:53.0296237Z,Buy,19.97,825
2025-07-24T01:38:53.0796237Z,Buy,19.97,2125
2025-07-24T01:38:53.0896237Z,Buy,19.97,1051
2025-07-24T01:38:53.1196237Z,Buy,19.97,312
2025-07-24T01:38:53.1496237Z,Buy,19.97,329
2025-07-24T01:38:53.1696237Z,Buy,19.97,146
2025-07-24T01:38:53.1696237Z,Buy,19.97,175
2025-07-24T01:38:53.1996237Z,Buy,19.97,1245
2025-07-24T01:38:53.1996237Z,Buy,19.97,180
2025-07-24T01:38:53.2096237Z,Buy,19.97,1461
2025-07-24T01:38:53.2196237Z,Sell,19.96,210
2025-07-24T01:38:53.2196237Z,Sell,19.96,1921
2025-07-24T01:38:53.2396237Z,Buy,19.97,870
2025-07-24T01:38:53.2396237Z,Buy,19.98,661
2025-07-24T01:38:53.2696237Z,Sell,19.96,675
2025-07-24T01:38:53.2796237Z,Buy,19.98,2500
2025-07-24T01:38:53.2796237Z,Buy,19.98,366
2025-07-24T01:38:53.2896237Z,Buy,19.98,501
2025-07-24T01:38:53.2896237Z,Buy,19.98,118
2025-07-24T01:38:53.2996237Z,Sell,19.96,374
2025-07-24T01:38:53.2996237Z,Sell,19.96,938
2025-07-24T01:38:53.2996237Z,Sell,19.96,303
2025-07-24T01:38:53.2996237Z,Sell,19.96,654
2025-07-24T01:38:53.3096237Z,Sell,19.96,339
2025-07-24T01:38:53.3296237Z,Buy,19.97,1756
2025-07-24T01:38:53.3396237Z,Sell,19.96,1111
2025-07-24T01:38:53.3796237Z,Buy,19.97,2306
2025-07-24T01:38:53.3796237Z,Buy,19.97,606
2025-07-24T01:38:53.3796237Z,Buy,19.98,115
2025-07-24T01:38:53.3996237Z,Sell,19.96,1756
2025-07-24T01:38:53.3996237Z,Sell,19.96,1047
2025-07-24T01:38:53.3996237Z,Sell,19.96,5575
2025-07-24T01:38:53.3996237Z,Sell,19.96,45
2025-07-24T01:38:53.3996237Z,Sell,19.96,2309
2025-07-24T01:38:53.3996237Z,Sell,19.96,57
2025-07-24T01:38:53.3996237Z,Sell,19.96,1974
2025-07-24T01:38:53.4096237Z,Buy,19.98,2062
2025-07-24T01:38:53.4396237Z,Buy,19.98,1855
2025-07-24T01:38:53.4796237Z,Sell,19.96,392
2025-07-24T01:38:53.4796237Z,Sell,19.96,604
2025-07-24T01:38:53.4896237Z,Buy,19.98,1348
2025-07-24T01:38:53.5196237Z,Buy,19.98,1874
2025-07-24T01:38:53.5296237Z,Buy,19.98,931
2025-07-24T01:38:53.5396237Z,Sell,19.96,474
2025-07-24T01:38:53.5396237Z,Sell,19.96,129
2025-07-24T01:38:53.5496237Z,Sell,19.96,977
2025-07-24T01:38:53.5596237Z,Buy,19.98,263
2025-07-24T01:38:53.5696237Z,Sell,19.96,1523
2025-07-24T01:38:53.5696237Z,Sell,19.96,977
2025-07-24T01:38:53.5696237Z,Sell,19.95,576
2025-07-24T01:38:53.5696237Z,Sell,19.95,605
2025-07-24T01:38:53.5796237Z,Sell,19.95,817
2025-07-24T01:38:53.5896237Z,Buy,19.97,2075
2025-07-24T01:38:53.5996237Z,Sell,19.95,1324
2025-07-24T01:38:53.6096237Z,Sell,19.95,589
2025-07-24T01:38:53.6196237Z,Buy,19.97,425
2025-07-24T01:38:53.6196237Z,Buy,19.97,193
2025-07-24T01:38:53.6396237Z,Buy,19.97,1882
2025-07-24T01:38:53.6396237Z,Buy,19.97,618
2025-07-24T01:38:53.6396237Z,Buy,19.98,237
2025-07-24T01:38:53.6396237Z,Buy,19.98,170
2025-07-24T01:38:53.6396237Z,Buy,19.98,926
2025-07-24T01:38:53.6796237Z,Buy,19.98,1674
2025-07-24T01:38:53.6796237Z,Buy,19.98,105
2025-07-24T01:38:53.6896237Z,Buy,19.98,214
2025-07-24T01:38:53.6896237Z,Buy,19.98,612
2025-07-24T01:38:53.7096237Z,Buy,19.98,77
2025-07-24T01:38:53.7296237Z,Buy,19.98,288
2025-07-24T01:38:53.7296237Z,Buy,19.98,1861
2025-07-24T01:38:53.7596237Z,Buy,19.98,1117
2025-07-24T01:38:53.7696237Z,Buy,19.98,312
2025-07-24T01:38:53.7996237Z,Buy,19.98,1775
2025-07-24T01:38:53.7996237Z,Buy,19.98,977
2025-07-24T01:38:53.8396237Z,Buy,19.98,6250
2025-07-24T01:38:53.8496237Z,Sell,19.97,885
2025-07-24T01:38:53.8496237Z,Sell,19.97,1432
2025-07-24T01:38:53.8696237Z,Buy,19.98,1654
2025-07-24T01:38:53.8896237Z,Buy,19.98,214
2025-07-24T01:38:53.9196237Z,Sell,19.97,409
2025-07-24T01:38:53.9296237Z,Buy,19.98,3518
2025-07-24T01:38:53.9796237Z,Buy,19.98,1745
2025-07-24T01:38:53.9796237Z,Buy,19.98,834
2025-07-24T01:38:53.9996237Z,Buy,19.98,772
2025-07-24T01:38:54.0596237Z,Sell,19.97,349
2025-07-24T01:38:54.0596237Z,Sell,19.97,232
2025-07-24T01:38:54.0796237Z,Buy,19.98,1663
2025-07-24T01:38:54.0796237Z,Buy,19.98,243
2025-07-24T01:38:54.0796237Z,Buy,19.98,282
2025-07-24T01:38:54.0896237Z,Buy,19.98,881
2025-07-24T01:38:54.0896237Z,Buy,19.98,472
2025-07-24T01:38:54.1096237Z,Sell,19.97,1801
2025-07-24T01:38:54.1096237Z,Sell,19.97,2500
2025-07-24T01:38:54.1096237Z,Sell,19.96,1129
2025-07-24T01:38:54.1096237Z,Sell,19.96,1931
2025-07-24T01:38:54.1096237Z,Sell,19.96,1490
2025-07-24T01:38:54.1096237Z,Sell,19.96,2152
2025-07-24T01:38:54.1096237Z,Sell,19.95,305
2025-07-24T01:38:54.1096237Z,Sell,19.95,1503
2025-07-24T01:38:54.1096237Z,Sell,19.95,844
2025-07-24T01:38:54.1096237Z,Sell,19.95,833
2025-07-24T01:38:54.1096237Z,Sell,19.95,555
2025-07-24T01:38:54.1096237Z,Sell,19.95,1943
2025-07-24T01:38:54.1096237Z,Sell,19.95,639
2025-07-24T01:38:54.1096237Z,Sell,19.95,3158
2025-07-24T01:38:54.1196237Z,Buy,19.98,428
2025-07-24T01:38:54.1696237Z,Buy,19.97,241
2025-07-24T01:38:54.1696237Z,Buy,19.97,126
2025-07-24T01:38:54.1796237Z,Buy,19.97,410
2025-07-24T01:38:54.1896237Z,Sell,19.95,2500
2025-07-24T01:38:54.1896237Z,Sell,19.95,3147
2025-07-24T01:38:54.1896237Z,Sell,19.95,457
2025-07-24T01:38:54.1896237Z,Sell,19.95,3740
2025-07-24T01:38:54.1896237Z,Sell,19.95,3588
2025-07-24T01:38:54.1896237Z,Sell,19.95,843
2025-07-24T01:38:54.1896237Z,Sell,19.95,1907
2025-07-24T01:38:54.2096237Z,Buy,19.97,559
2025-07-24T01:38:54.2396237Z,Buy,19.97,1941
2025-07-24T01:38:54.2396237Z,Buy,19.97,125
2025-07-24T01:38:54.2496237Z,Sell,19.95,664
2025-07-24T01:38:54.2696237Z,Buy,19.97,961
2025-07-24T01:38:54.2796237Z,Buy,19.97,455
2025-07-24T01:38:54.2896237Z,Sell,19.95,1519
2025-07-24T01:38:54.3196237Z,Buy,19.97,14191
2025-07-24T01:38:54.3496237Z,Sell,19.95,169
2025-07-24T01:38:54.3596237Z,Buy,19.97,168
2025-07-24T01:38:54.3596237Z,Buy,19.97,2452
2025-07-24T01:38:54.3696237Z,Buy,19.97,889
2025-07-24T01:38:54.3796237Z,Sell,19.95,250
2025-07-24T01:38:54.3896237Z,Sell,19.95,1936
2025-07-24T01:38:54.3996237Z,Buy,19.97,304
2025-07-24T01:38:54.4196237Z,Buy,19.97,1007
2025-07-24T01:38:54.4296237Z,Sell,19.95,592
2025-07-24T01:38:54.4596237Z,Sell,19.96,206
2025-07-24T01:38:54.4696237Z,Sell,19.96,351
2025-07-24T01:38:54.4696237Z,Sell,19.96,440
2025-07-24T01:38:54.4796237Z,Sell,19.95,495
2025-07-24T01:38:54.5096237Z,Buy,19.96,696
2025-07-24T01:38:54.5196237Z,Buy,19.96,147
2025-07-24T01:38:54.5496237Z,Sell,19.95,1273
2025-07-24T01:38:54.5696237Z,Buy,19.96,2699
2025-07-24T01:38:54.5796237Z,Sell,19.95,747
2025-07-24T01:38:54.5896237Z,Sell,19.95,176
2025-07-24T01:38:54.5896237Z,Sell,19.95,191
2025-07-24T01:38:54.5896237Z,Sell,19.95,1282
2025-07-24T01:38:54.5896237Z,Sell,19.95,2600
2025-07-24T01:38:54.5996237Z,Sell,19.95,2499
2025-07-24T01:38:54.5996237Z,Sell,19.95,1825
2025-07-24T01:38:54.6196237Z,Buy,19.96,1010
2025-07-24T01:38:54.6296237Z,Buy,19.96,2406
2025-07-24T01:38:54.6296237Z,Buy,19.96,1120
2025-07-24T01:38:54.6296237Z,Buy,19.96,1235
2025-07-24T01:38:54.6296237Z,Buy,19.97,2500
2025-07-24T01:38:54.6296237Z,Buy,19.97,1881
2025-07-24T01:38:54.6296237Z,Buy,19.97,699
2025-07-24T01:38:54.6396237Z,Buy,19.97,738
2025-07-24T01:38:54.6396237Z,Buy,19.97,588
2025-07-24T01:38:54.6796237Z,Buy,19.97,1125
2025-07-24T01:38:54.6996237Z,Sell,19.96,511
2025-07-24T01:38:54.6996237Z,Sell,19.96,868
2025-07-24T01:38:54.7096237Z,Buy,19.98,221
2025-07-24T01:38:54.7496237Z,Sell,19.95,2110
2025-07-24T01:38:54.7696237Z,Buy,19.97,595
2025-07-24T01:38:54.7896237Z,Buy,19.97,1835
2025-07-24T01:38:54.8496237Z,Buy,19.97,2500
2025-07-24T01:38:54.8496237Z,Buy,19.97,533
2025-07-24T01:38:54.8696237Z,Sell,19.96,1450
2025-07-24T01:38:54.8896237Z,Buy,19.97,244
2025-07-24T01:38:54.9096237Z,Sell,19.96,86
2025-07-24T01:38:54.9096237Z,Sell,19.96,732
2025-07-24T01:38:54.9396237Z,Sell,19.95,2500
2025-07-24T01:38:54.9396237Z,Sell,19.95,675
2025-07-24T01:38:54.9496237Z,Sell,19.95,847
2025-07-24T01:38:54.9696237Z,Buy,19.97,498
2025-07-24T01:38:54.9696237Z,Buy,19.97,163
2025-07-24T01:38:54.9696237Z,Buy,19.97,495
2025-07-24T01:38:54.9696237Z,Buy,19.97,1328
2025-07-24T01:38:54.9896237Z,Sell,19.95,3125
2025-07-24T01:38:54.9896237Z,Sell,19.95,262
2025-07-24T01:38:54.9896237Z,Sell,19.95,3703
2025-07-24T01:38:54.9996237Z,Buy,19.97,2500
2025-07-24T01:38:54.9996237Z,Buy,19.97,459
2025-07-24T01:38:54.9996237Z,Buy,19.98,471
2025-07-24T01:38:55.0196237Z,Sell,19.96,549
2025-07-24T01:38:55.0296237Z,Sell,19.96,1951
2025-07-24T01:38:55.0296237Z,Sell,19.96,549
2025-07-24T01:38:55.0296237Z,Sell,19.95,791
2025-07-24T01:38:55.0296237Z,Sell,19.95,2047
2025-07-24T01:38:55.0296237Z,Sell,19.95,2152
2025-07-24T01:38:55.0296237Z,Sell,19.94,2973
2025-07-24T01:38:55.0296237Z,Sell,19.94,1603
2025-07-24T01:38:55.0296237Z,Sell,19.94,2395
2025-07-24T01:38:55.0496237Z,Sell,19.96,64
2025-07-24T01:38:55.0496237Z,Sell,19.95,1926
2025-07-24T01:38:55.0596237Z,Buy,19.97,194
2025-07-24T01:38:55.0696237Z,Sell,19.95,574
2025-07-24T01:38:55.0696237Z,Sell,19.95,1926
2025-07-24T01:38:55.0696237Z,Sell,19.94,2152
2025-07-24T01:38:55.0696237Z,Sell,19.94,2645
2025-07-24T01:38:55.0696237Z,Sell,19.94,867
2025-07-24T01:38:55.0796237Z,Buy,19.97,268
2025-07-24T01:38:55.0896237Z,Sell,19.95,512
2025-07-24T01:38:55.0996237Z,Sell,19.95,1472
2025-07-24T01:38:55.1096237Z,Buy,19.97,1552
2025-07-24T01:38:55.1196237Z,Buy,19.97,78
2025-07-24T01:38:55.1296237Z,Sell,19.95,512
2025-07-24T01:38:55.1296237Z,Sell,19.95,516
2025-07-24T01:38:55.1296237Z,Sell,19.95,1472
2025-07-24T01:38:55.1296237Z,Sell,19.94,663
2025-07-24T01:38:55.1396237Z,Sell,19.94,1160
2025-07-24T01:38:55.1496237Z,Sell,19.94,1340
2025-07-24T01:38:55.1496237Z,Sell,19.94,1160
2025-07-24T01:38:55.1496237Z,Sell,19.94,1144
2025-07-24T01:38:55.1496237Z,Sell,19.94,2332
2025-07-24T01:38:55.1596237Z,Sell,19.94,2500
2025-07-24T01:38:55.1596237Z,Sell,19.94,1417
2025-07-24T01:38:55.1596237Z,Sell,19.94,1959
2025-07-24T01:38:55.1696237Z,Sell,19.94,337
2025-07-24T01:38:55.1796237Z,Sell,19.94,2163
2025-07-24T01:38:55.1796237Z,Sell,19.94,337
2025-07-24T01:38:55.1796237Z,Sell,19.94,1459
2025-07-24T01:38:55.1896237Z,Buy,19.96,352
2025-07-24T01:38:55.1996237Z,Buy,19.96,2148
2025-07-24T01:38:55.1996237Z,Buy,19.96,352
2025-07-24T01:38:55.1996237Z,Buy,19.97,2152
2025-07-24T01:38:55.1996237Z,Buy,19.98,1425
2025-07-24T01:38:55.2196237Z,Sell,19.95,2500
2025-07-24T01:38:55.2196237Z,Sell,19.94,1051
2025-07-24T01:38:55.2396237Z,Sell,19.95,1622
2025-07-24T01:38:55.2496237Z,Buy,19.97,1087
2025-07-24T01:38:55.2596237Z,Sell,19.95,212
2025-07-24T01:38:55.2696237Z,Sell,19.95,1622
2025-07-24T01:38:55.2696237Z,Sell,19.95,666
2025-07-24T01:38:55.2696237Z,Sell,19.95,212
2025-07-24T01:38:55.2696237Z,Sell,19.94,127
2025-07-24T01:38:55.2696237Z,Sell,19.94,97
2025-07-24T01:38:55.2796237Z,Buy,19.96,1009
2025-07-24T01:38:55.3196237Z,Sell,19.94,2211
2025-07-24T01:38:55.3396237Z,Sell,19.94,1008
2025-07-24T01:38:55.3396237Z,Sell,19.94,6031
2025-07-24T01:38:55.3496237Z,Buy,19.95,1678
2025-07-24T01:38:55.3496237Z,Buy,19.95,153
2025-07-24T01:38:55.3596237Z,Sell,19.94,372
2025-07-24T01:38:55.3696237Z,Buy,19.95,40
2025-07-24T01:38:55.3696237Z,Buy,19.96,2500
2025-07-24T01:38:55.3696237Z,Buy,19.96,5421
2025-07-24T01:38:55.3896237Z,Sell,19.94,4992
2025-07-24T01:38:55.4096237Z,Sell,19.94,234
2025-07-24T01:38:55.4196237Z,Sell,19.94,1443
2025-07-24T01:38:55.4296237Z,Sell,19.94,2500
2025-07-24T01:38:55.4296237Z,Sell,19.94,206
2025-07-24T01:38:55.4296237Z,Sell,19.94,959
2025-07-24T01:38:55.4696237Z,Sell,19.95,261
2025-07-24T01:38:55.4896237Z,Buy,19.96,809
2025-07-24T01:38:55.4896237Z,Buy,19.97,2500
2025-07-24T01:38:55.4896237Z,Buy,19.97,1538
2025-07-24T01:38:55.4996237Z,Buy,19.97,332
2025-07-24T01:38:55.5196237Z,Sell,19.95,475
2025-07-24T01:38:55.5296237Z,Buy,19.97,2441
2025-07-24T01:38:55.5696237Z,Sell,19.95,942
2025-07-24T01:38:55.5896237Z,Sell,19.95,715
2025-07-24T01:38:55.5896237Z,Sell,19.95,2500
2025-07-24T01:38:55.5896237Z,Sell,19.95,32
2025-07-24T01:38:55.5896237Z,Sell,19.95,267
2025-07-24T01:38:55.5896237Z,Sell,19.94,8412
2025-07-24T01:38:55.5896237Z,Sell,19.94,5278
2025-07-24T01:38:55.5896237Z,Sell,19.94,318
2025-07-24T01:38:55.5896237Z,Sell,19.94,2209
2025-07-24T01:38:55.5896237Z,Sell,19.94,693
2025-07-24T01:38:55.5896237Z,Sell,19.94,2152
2025-07-24T01:38:55.5896237Z,Sell,19.94,1295
2025-07-24T01:38:55.5896237Z,Sell,19.93,334
2025-07-24T01:38:55.5996237Z,Sell,19.94,1725
2025-07-24T01:38:55.6096237Z,Buy,19.96,2500
2025-07-24T01:38:55.6096237Z,Buy,19.97,2029
2025-07-24T01:38:55.6096237Z,Buy,19.97,332
2025-07-24T01:38:55.6496237Z,Buy,19.96,492
2025-07-24T01:38:55.6496237Z,Buy,19.96,525
2025-07-24T01:38:55.6596237Z,Sell,19.94,187
2025-07-24T01:38:55.6696237Z,Buy,19.96,345
2025-07-24T01:38:55.6696237Z,Buy,19.96,61
2025-07-24T01:38:55.6796237Z,Buy,19.96,2168
2025-07-24T01:38:55.7096237Z,Sell,19.94,2500
2025-07-24T01:38:55.7096237Z,Sell,19.94,1337
2025-07-24T01:38:55.7096237Z,Sell,19.93,47
2025-07-24T01:38:55.7496237Z,Sell,19.93,2500
2025-07-24T01:38:55.7496237Z,Sell,19.93,1347
2025-07-24T01:38:55.8096237Z,Buy,19.94,1248
2025-07-24T01:38:55.8196237Z,Sell,19.93,214
2025-07-24T01:38:55.8296237Z,Sell,19.93,258
2025-07-24T01:38:55.8396237Z,Sell,19.93,468
2025-07-24T01:38:55.8496237Z,Buy,19.94,225
2025-07-24T01:38:55.8596237Z,Sell,19.93,263
2025-07-24T01:38:55.8696237Z,Sell,19.93,595
2025-07-24T01:38:55.8696237Z,Sell,19.93,1798
2025-07-24T01:38:55.8796237Z,Buy,19.94,222
2025-07-24T01:38:55.8896237Z,Sell,19.93,896
2025-07-24T01:38:55.8896237Z,Sell,19.93,2657
2025-07-24T01:38:55.8896237Z,Sell,19.93,1051
2025-07-24T01:38:55.8996237Z,Sell,19.93,4462
2025-07-24T01:38:55.9196237Z,Sell,19.93,1620
2025-07-24T01:38:55.9496237Z,Sell,19.93,66
2025-07-24T01:38:55.9496237Z,Sell,19.93,437
2025-07-24T01:38:55.9796237Z,Sell,19.92,1429
2025-07-24T01:38:56.0196237Z,Buy,19.94,1007
2025-07-24T01:38:56.0396237Z,Sell,19.92,1780
2025-07-24T01:38:56.0596237Z,Sell,19.92,911
2025-07-24T01:38:56.0796237Z,Buy,19.94,544
2025-07-24T01:38:56.1196237Z,Sell,19.93,552
2025-07-24T01:38:56.1296237Z,Buy,19.94,190
2025-07-24T01:38:56.1396237Z,Sell,19.93,593
2025-07-24T01:38:56.1596237Z,Sell,19.93,1208
2025-07-24T01:38:56.1696237Z,Sell,19.93,825
2025-07-24T01:38:56.1796237Z,Sell,19.93,2106
2025-07-24T01:38:56.1896237Z,Sell,19.93,1978
2025-07-24T01:38:56.1896237Z,Sell,19.93,1015
2025-07-24T01:38:56.1996237Z,Buy,19.94,1584
2025-07-24T01:38:56.2396237Z,Buy,19.94,924
2025-07-24T01:38:56.2596237Z,Sell,19.92,408
2025-07-24T01:38:56.2696237Z,Buy,19.94,111
2025-07-24T01:38:56.2796237Z,Sell,19.92,752
2025-07-24T01:38:56.3196237Z,Sell,19.92,1445
2025-07-24T01:38:56.3296237Z,Buy,19.94,917
2025-07-24T01:38:56.3396237Z,Buy,19.94,1525
2025-07-24T01:38:56.3396237Z,Buy,19.94,272
2025-07-24T01:38:56.3496237Z,Sell,19.92,2500
2025-07-24T01:38:56.3496237Z,Sell,19.92,84
2025-07-24T01:38:56.3696237Z,Buy,19.93,3478
2025-07-24T01:38:56.4096237Z,Sell,19.92,1062
2025-07-24T01:38:56.4396237Z,Sell,19.92,674
2025-07-24T01:38:56.4396237Z,Sell,19.92,244
2025-07-24T01:38:56.4696237Z,Sell,19.92,1069
2025-07-24T01:38:56.4796237Z,Sell,19.92,746
2025-07-24T01:38:56.4996237Z,Buy,19.93,505
2025-07-24T01:38:56.5096237Z,Sell,19.92,53
2025-07-24T01:38:56.5096237Z,Sell,19.92,1710
2025-07-24T01:38:56.5096237Z,Sell,19.92,476
2025-07-24T01:38:56.5396237Z,Sell,19.92,1202
2025-07-24T01:38:56.5396237Z,Sell,19.92,599
2025-07-24T01:38:56.5396237Z,Sell,19.92,2500
2025-07-24T01:38:56.5396237Z,Sell,19.91,167
2025-07-24T01:38:56.5396237Z,Sell,19.91,1005
2025-07-24T01:38:56.5496237Z,Buy,19.93,98
2025-07-24T01:38:56.5596237Z,Sell,19.91,1339
2025-07-24T01:38:56.5796237Z,Sell,19.91,724
2025-07-24T01:38:56.5996237Z,Sell,19.91,415
2025-07-24T01:38:56.6096237Z,Buy,19.93,2500
2025-07-24T01:38:56.6096237Z,Buy,19.93,552
2025-07-24T01:38:56.6196237Z,Sell,19.91,3655
2025-07-24T01:38:56.6196237Z,Sell,19.91,1634
2025-07-24T01:38:56.6296237Z,Sell,19.91,866
2025-07-24T01:38:56.6296237Z,Sell,19.91,944
2025-07-24T01:38:56.6396237Z,Sell,19.91,690
2025-07-24T01:38:56.6396237Z,Sell,19.91,1610
2025-07-24T01:38:56.6496237Z,Buy,19.93,231
2025-07-24T01:38:56.6796237Z,Sell,19.92,1319
2025-07-24T01:38:56.6796237Z,Sell,19.92,217
2025-07-24T01:38:56.7196237Z,Sell,19.91,655
2025-07-24T01:38:56.7196237Z,Sell,19.91,2500
2025-07-24T01:38:56.7196237Z,Sell,19.90,1538
2025-07-24T01:38:56.7496237Z,Sell,19.90,2500
2025-07-24T01:38:56.7496237Z,Sell,19.89,3004
2025-07-24T01:38:56.7696237Z,Sell,19.89,747
2025-07-24T01:38:56.7896237Z,Sell,19.89,557
2025-07-24T01:38:56.8096237Z,Buy,19.90,3381
2025-07-24T01:38:56.8096237Z,Buy,19.90,3984
2025-07-24T01:38:56.8096237Z,Buy,19.90,5336
2025-07-24T01:38:56.8096237Z,Buy,19.91,1365
2025-07-24T01:38:56.8196237Z,Sell,19.89,1163
2025-07-24T01:38:56.8196237Z,Sell,19.89,2500
2025-07-24T01:38:56.8196237Z,Sell,19.88,2152
2025-07-24T01:38:56.8196237Z,Sell,19.87,1852
2025-07-24T01:38:56.8196237Z,Sell,19.86,711
2025-07-24T01:38:56.8696237Z,Sell,19.87,646
2025-07-24T01:38:56.8696237Z,Sell,19.87,37
2025-07-24T01:38:56.8796237Z,Buy,19.88,1313
2025-07-24T01:38:56.8896237Z,Buy,19.88,1487
2025-07-24T01:38:56.8996237Z,Sell,19.86,345
2025-07-24T01:38:56.9196237Z,Sell,19.86,231
2025-07-24T01:38:56.9296237Z,Buy,19.88,1598
2025-07-24T01:38:56.9396237Z,Sell,19.86,2500
2025-07-24T01:38:56.9396237Z,Sell,19.85,51
2025-07-24T01:38:56.9496237Z,Sell,19.86,40
2025-07-24T01:38:56.9696237Z,Sell,19.86,411
2025-07-24T01:38:56.9896237Z,Buy,19.88,1974
2025-07-24T01:38:57.0096237Z,Sell,19.86,154
2025-07-24T01:38:57.0196237Z,Buy,19.88,1204
2025-07-24T01:38:57.0296237Z,Sell,19.86,1109
2025-07-24T01:38:57.0296237Z,Sell,19.86,701
2025-07-24T01:38:57.0596237Z,Buy,19.88,267
2025-07-24T01:38:57.0796237Z,Sell,19.86,1799
2025-07-24T01:38:57.0796237Z,Sell,19.86,701
2025-07-24T01:38:57.0796237Z,Sell,19.85,202
2025-07-24T01:38:57.0796237Z,Sell,19.85,2152
2025-07-24T01:38:57.0796237Z,Sell,19.84,1852
2025-07-24T01:38:57.0796237Z,Sell,19.83,1594
2025-07-24T01:38:57.0796237Z,Sell,19.82,279
2025-07-24T01:38:57.0896237Z,Buy,19.86,98
2025-07-24T01:38:57.0996237Z,Sell,19.84,229
2025-07-24T01:38:57.1096237Z,Sell,19.84,2271
2025-07-24T01:38:57.1096237Z,Sell,19.84,29
2025-07-24T01:38:57.1196237Z,Sell,19.84,105
2025-07-24T01:38:57.1396237Z,Buy,19.86,1302
2025-07-24T01:38:57.1696237Z,Sell,19.84,2300
2025-07-24T01:38:57.1696237Z,Sell,19.84,95
2025-07-24T01:38:57.1696237Z,Sell,19.84,105
2025-07-24T01:38:57.1696237Z,Sell,19.83,777
2025-07-24T01:38:57.1796237Z,Buy,19.85,860
2025-07-24T01:38:57.1996237Z,Sell,19.83,2500
2025-07-24T01:38:57.1996237Z,Sell,19.82,1898
2025-07-24T01:38:57.2196237Z,Buy,19.85,724
2025-07-24T01:38:57.2296237Z,Sell,19.83,1018
2025-07-24T01:38:57.2496237Z,Sell,19.83,1284
2025-07-24T01:38:57.2696237Z,Sell,19.83,258
2025-07-24T01:38:57.2696237Z,Sell,19.83,2188
2025-07-24T01:38:57.2896237Z,Sell,19.84,517
2025-07-24T01:38:57.2996237Z,Sell,19.84,698
2025-07-24T01:38:57.2996237Z,Sell,19.84,2061
2025-07-24T01:38:57.3296237Z,Buy,19.85,1704
2025-07-24T01:38:57.3296237Z,Buy,19.86,779
2025-07-24T01:38:57.3396237Z,Sell,19.84,884
2025-07-24T01:38:57.3496237Z,Sell,19.84,1257
2025-07-24T01:38:57.3496237Z,Sell,19.84,2500
2025-07-24T01:38:57.3496237Z,Sell,19.83,1675
2025-07-24T01:38:57.3696237Z,Buy,19.85,465
2025-07-24T01:38:57.3996237Z,Buy,19.85,125
2025-07-24T01:38:57.4096237Z,Sell,19.83,242
2025-07-24T01:38:57.4596237Z,Sell,19.83,1083
2025-07-24T01:38:57.5096237Z,Sell,19.84,747
2025-07-24T01:38:57.5596237Z,Sell,19.84,971
2025-07-24T01:38:57.5796237Z,Sell,19.84,1840
2025-07-24T01:38:57.5796237Z,Sell,19.84,68
2025-07-24T01:38:57.5796237Z,Sell,19.84,1230
2025-07-24T01:38:57.6096237Z,Buy,19.85,547
2025-07-24T01:38:57.6196237Z,Buy,19.85,525
2025-07-24T01:38:57.6296237Z,Sell,19.83,2287
2025-07-24T01:38:57.6396237Z,Sell,19.83,1455
2025-07-24T01:38:57.6596237Z,Sell,19.83,341
2025-07-24T01:38:57.6696237Z,Sell,19.83,531
2025-07-24T01:38:57.7096237Z,Sell,19.83,1152
2025-07-24T01:38:57.7196237Z,Sell,19.83,957
2025-07-24T01:38:57.7196237Z,Sell,19.83,1729
2025-07-24T01:38:57.7196237Z,Sell,19.83,744
2025-07-24T01:38:57.7196237Z,Sell,19.83,1117
2025-07-24T01:38:57.7196237Z,Sell,19.83,201
2025-07-24T01:38:57.7296237Z,Sell,19.82,2500
2025-07-24T01:38:57.7296237Z,Sell,19.82,754
2025-07-24T01:38:57.7296237Z,Sell,19.82,612
2025-07-24T01:38:57.7296237Z,Sell,19.81,2152
2025-07-24T01:38:57.7296237Z,Sell,19.80,1852
2025-07-24T01:38:57.7296237Z,Sell,19.79,1594
2025-07-24T01:38:57.7296237Z,Sell,19.78,783
2025-07-24T01:38:57.7396237Z,Sell,19.80,2500
2025-07-24T01:38:57.7396237Z,Sell,19.79,2152
2025-07-24T01:38:57.7396237Z,Sell,19.78,1025
2025-07-24T01:38:57.7496237Z,Sell,19.79,1108
2025-07-24T01:38:57.7896237Z,Sell,19.78,161
2025-07-24T01:38:57.8196237Z,Buy,19.79,914
2025-07-24T01:38:57.8196237Z,Buy,19.80,1655
2025-07-24T01:38:57.8296237Z,Sell,19.78,103
2025-07-24T01:38:57.8396237Z,Sell,19.78,1485
2025-07-24T01:38:57.8496237Z,Sell,19.78,103
2025-07-24T01:38:57.8496237Z,Sell,19.78,912
2025-07-24T01:38:57.8496237Z,Sell,19.78,360
2025-07-24T01:38:57.8696237Z,Buy,19.79,1350
2025-07-24T01:38:57.8696237Z,Buy,19.79,317
2025-07-24T01:38:57.8796237Z,Buy,19.79,633
2025-07-24T01:38:57.8896237Z,Sell,19.77,2500
2025-07-24T01:38:57.8896237Z,Sell,19.76,2152
2025-07-24T01:38:57.8896237Z,Sell,19.75,1852
2025-07-24T01:38:57.8896237Z,Sell,19.74,1594
2025-07-24T01:38:57.8896237Z,Sell,19.73,1372
2025-07-24T01:38:57.8896237Z,Sell,19.72,1181
2025-07-24T01:38:57.8896237Z,Sell,19.71,1016
2025-07-24T01:38:57.8896237Z,Sell,19.70,875
2025-07-24T01:38:57.8896237Z,Sell,19.69,753
2025-07-24T01:38:57.8896237Z,Sell,19.68,648
2025-07-24T01:38:57.9096237Z,Buy,19.80,1012
2025-07-24T01:38:57.9096237Z,Buy,19.80,730
2025-07-24T01:38:57.9096237Z,Buy,19.80,2326
2025-07-24T01:38:57.9196237Z,Buy,19.80,3079
2025-07-24T01:38:57.9396237Z,Buy,19.80,2977
2025-07-24T01:38:58.0196237Z,Sell,19.78,1013
2025-07-24T01:38:58.0196237Z,Sell,19.78,2500
2025-07-24T01:38:58.0196237Z,Sell,19.77,2152
2025-07-24T01:38:58.0196237Z,Sell,19.76,529
2025-07-24T01:38:58.0496237Z,Sell,19.76,2500
2025-07-24T01:38:58.0496237Z,Sell,19.75,2152
2025-07-24T01:38:58.0496237Z,Sell,19.75,360
2025-07-24T01:38:58.0496237Z,Sell,19.74,1400
2025-07-24T01:38:58.0696237Z,Buy,19.77,2500
2025-07-24T01:38:58.0696237Z,Buy,19.78,900
2025-07-24T01:38:58.0696237Z,Buy,19.78,3194
2025-07-24T01:38:58.0696237Z,Buy,19.78,100
2025-07-24T01:38:58.0996237Z,Buy,19.78,439
2025-07-24T01:38:58.1096237Z,Sell,19.76,124
2025-07-24T01:38:58.1096237Z,Sell,19.76,502
2025-07-24T01:38:58.1396237Z,Sell,19.76,639
2025-07-24T01:38:58.1696237Z,Sell,19.77,2444
2025-07-24T01:38:58.1796237Z,Sell,19.77,927
2025-07-24T01:38:58.1796237Z,Sell,19.77,2500
2025-07-24T01:38:58.1796237Z,Sell,19.76,1576
2025-07-24T01:38:58.1896237Z,Sell,19.76,641
2025-07-24T01:38:58.2096237Z,Buy,19.78,121
2025-07-24T01:38:58.2296237Z,Sell,19.76,1859
2025-07-24T01:38:58.2296237Z,Sell,19.76,432
2025-07-24T01:38:58.2396237Z,Sell,19.76,209
2025-07-24T01:38:58.2396237Z,Sell,19.76,2291
2025-07-24T01:38:58.2396237Z,Sell,19.75,1746
2025-07-24T01:38:58.2696237Z,Buy,19.77,240
2025-07-24T01:38:58.2796237Z,Sell,19.75,631
2025-07-24T01:38:58.3096237Z,Sell,19.76,1002
2025-07-24T01:38:58.3096237Z,Sell,19.76,552
2025-07-24T01:38:58.3196237Z,Sell,19.75,869
2025-07-24T01:38:58.3296237Z,Sell,19.75,1250
2025-07-24T01:38:58.3396237Z,Sell,19.75,2500
2025-07-24T01:38:58.3396237Z,Sell,19.74,2152
2025-07-24T01:38:58.3396237Z,Sell,19.74,857
2025-07-24T01:38:58.3996237Z,Buy,19.76,878
2025-07-24T01:38:58.3996237Z,Buy,19.77,2500
2025-07-24T01:38:58.3996237Z,Buy,19.77,2181
2025-07-24T01:38:58.4096237Z,Sell,19.75,156
2025-07-24T01:38:58.4296237Z,Sell,19.75,2500
2025-07-24T01:38:58.4296237Z,Sell,19.75,4112
2025-07-24T01:38:58.4296237Z,Sell,19.74,3646
2025-07-24T01:38:58.4296237Z,Sell,19.74,3812
2025-07-24T01:38:58.4696237Z,Buy,19.76,390
2025-07-24T01:38:58.4796237Z,Sell,19.75,375
2025-07-24T01:38:58.5096237Z,Sell,19.75,1150
2025-07-24T01:38:58.5296237Z,Sell,19.75,374
2025-07-24T01:38:58.5696237Z,Buy,19.76,1816
2025-07-24T01:38:58.5696237Z,Buy,19.76,3879
2025-07-24T01:38:58.5696237Z,Buy,19.77,2500
2025-07-24T01:38:58.5696237Z,Buy,19.77,1777
2025-07-24T01:38:58.5696237Z,Buy,19.77,180
2025-07-24T01:38:58.5796237Z,Sell,19.75,593
2025-07-24T01:38:58.5796237Z,Sell,19.75,125
2025-07-24T01:38:58.5896237Z,Sell,19.75,308
2025-07-24T01:38:58.6296237Z,Sell,19.75,737
2025-07-24T01:38:58.6296237Z,Sell,19.75,549
2025-07-24T01:38:58.6296237Z,Sell,19.75,6340
2025-07-24T01:38:58.6396237Z,Buy,19.76,2733
2025-07-24T01:38:58.6496237Z,Sell,19.75,1310
2025-07-24T01:38:58.6696237Z,Sell,19.75,487
2025-07-24T01:38:58.6696237Z,Sell,19.75,1711
2025-07-24T01:38:58.6896237Z,Buy,19.76,1013
2025-07-24T01:38:58.6896237Z,Buy,19.76,2500
2025-07-24T01:38:58.6896237Z,Buy,19.77,361
2025-07-24T01:38:58.7096237Z,Sell,19.75,1906
2025-07-24T01:38:58.7196237Z,Buy,19.77,556
2025-07-24T01:38:58.7296237Z,Buy,19.77,1495
2025-07-24T01:38:58.7796237Z,Buy,19.75,2615
2025-07-24T01:38:58.7896237Z,Buy,19.75,155
2025-07-24T01:38:58.7896237Z,Buy,19.75,87
2025-07-24T01:38:58.7896237Z,Buy,19.75,381
2025-07-24T01:38:58.7996237Z,Buy,19.75,518
2025-07-24T01:38:58.8396237Z,Buy,19.75,2453
2025-07-24T01:38:58.8396237Z,Buy,19.76,2500
2025-07-24T01:38:58.8396237Z,Buy,19.76,710
2025-07-24T01:38:58.8396237Z,Buy,19.76,223
2025-07-24T01:38:58.8396237Z,Buy,19.77,118
2025-07-24T01:38:58.8796237Z,Sell,19.75,417
2025-07-24T01:38:58.8796237Z,Sell,19.75,529
2025-07-24T01:38:58.8896237Z,Sell,19.75,408
2025-07-24T01:38:58.9196237Z,Buy,19.77,992
2025-07-24T01:38:58.9296237Z,Sell,19.75,401
2025-07-24T01:38:58.9696237Z,Buy,19.76,298
2025-07-24T01:38:58.9696237Z,Buy,19.76,507
2025-07-24T01:38:58.9696237Z,Buy,19.76,2500
2025-07-24T01:38:58.9696237Z,Buy,19.77,85
2025-07-24T01:38:58.9696237Z,Buy,19.77,2141
2025-07-24T01:38:58.9696237Z,Buy,19.77,3
2025-07-24T01:38:58.9896237Z,Buy,19.76,314
2025-07-24T01:38:58.9896237Z,Buy,19.76,87
2025-07-24T01:38:58.9996237Z,Sell,19.74,721
2025-07-24T01:38:59.0096237Z,Sell,19.74,1385
2025-07-24T01:38:59.0496237Z,Buy,19.77,628
2025-07-24T01:38:59.0696237Z,Sell,19.75,1190
2025-07-24T01:38:59.0996237Z,Buy,19.76,149
2025-07-24T01:38:59.1196237Z,Sell,19.75,207
2025-07-24T01:38:59.1496237Z,Buy,19.76,267
2025-07-24T01:38:59.1596237Z,Buy,19.76,242
2025-07-24T01:38:59.1596237Z,Buy,19.76,160
2025-07-24T01:38:59.1596237Z,Buy,19.76,100
2025-07-24T01:38:59.1596237Z,Buy,19.77,811
2025-07-24T01:38:59.1696237Z,Buy,19.77,154
2025-07-24T01:38:59.1896237Z,Sell,19.75,409
2025-07-24T01:38:59.1996237Z,Buy,19.77,764
2025-07-24T01:38:59.2096237Z,Sell,19.75,818
2025-07-24T01:38:59.2096237Z,Sell,19.75,736
2025-07-24T01:38:59.2096237Z,Sell,19.75,1638
2025-07-24T01:38:59.2096237Z,Sell,19.75,3504
2025-07-24T01:38:59.2096237Z,Sell,19.75,480
2025-07-24T01:38:59.2196237Z,Buy,19.77,1462
2025-07-24T01:38:59.2396237Z,Buy,19.77,566
2025-07-24T01:38:59.2496237Z,Sell,19.75,1030
2025-07-24T01:38:59.2596237Z,Buy,19.77,1462
2025-07-24T01:38:59.2596237Z,Buy,19.77,472
2025-07-24T01:38:59.2596237Z,Buy,19.77,566
2025-07-24T01:38:59.2596237Z,Buy,19.77,1615
2025-07-24T01:38:59.2596237Z,Buy,19.77,782
2025-07-24T01:38:59.2596237Z,Buy,19.77,170
2025-07-24T01:38:59.2596237Z,Buy,19.77,675
2025-07-24T01:38:59.2596237Z,Buy,19.77,551
2025-07-24T01:38:59.2696237Z,Sell,19.75,190
2025-07-24T01:38:59.2996237Z,Buy,19.77,2500
2025-07-24T01:38:59.2996237Z,Buy,19.77,189
2025-07-24T01:38:59.3596237Z,Buy,19.76,529
2025-07-24T01:38:59.3596237Z,Buy,19.77,2217
2025-07-24T01:38:59.3696237Z,Buy,19.77,878
2025-07-24T01:38:59.3896237Z,Buy,19.77,1336
2025-07-24T01:38:59.4196237Z,Buy,19.77,909
2025-07-24T01:38:59.4396237Z,Buy,19.77,189
2025-07-24T01:38:59.4396237Z,Buy,19.77,2500
2025-07-24T01:38:59.4396237Z,Buy,19.78,425
2025-07-24T01:38:59.4396237Z,Buy,19.78,2306
2025-07-24T01:38:59.4396237Z,Buy,19.78,3048
2025-07-24T01:38:59.4396237Z,Buy,19.78,105
2025-07-24T01:38:59.4496237Z,Buy,19.78,245
2025-07-24T01:38:59.4496237Z,Buy,19.78,483
2025-07-24T01:38:59.4596237Z,Buy,19.78,704
2025-07-24T01:38:59.4896237Z,Buy,19.77,1987
2025-07-24T01:38:59.4896237Z,Buy,19.78,2500
2025-07-24T01:38:59.4896237Z,Buy,19.79,2152
2025-07-24T01:38:59.4896237Z,Buy,19.79,416
2025-07-24T01:38:59.4896237Z,Buy,19.79,354
2025-07-24T01:38:59.4896237Z,Buy,19.80,1852
2025-07-24T01:38:59.4896237Z,Buy,19.80,448
2025-07-24T01:38:59.4896237Z,Buy,19.80,345
2025-07-24T01:38:59.5396237Z,Buy,19.77,2078
2025-07-24T01:38:59.5696237Z,Buy,19.77,963
2025-07-24T01:38:59.5696237Z,Buy,19.77,5745
2025-07-24T01:38:59.5696237Z,Buy,19.78,2500
2025-07-24T01:38:59.5696237Z,Buy,19.78,1253
2025-07-24T01:38:59.5796237Z,Sell,19.76,993
2025-07-24T01:38:59.5896237Z,Buy,19.78,617
2025-07-24T01:38:59.5996237Z,Buy,19.78,1241
2025-07-24T01:38:59.5996237Z,Buy,19.78,846
2025-07-24T01:38:59.6096237Z,Buy,19.78,1263
2025-07-24T01:38:59.6096237Z,Buy,19.78,349
2025-07-24T01:38:59.6196237Z,Buy,19.78,846
2025-07-24T01:38:59.6196237Z,Buy,19.78,196
2025-07-24T01:38:59.6596237Z,Buy,19.79,2500
2025-07-24T01:38:59.6596237Z,Buy,19.80,166
2025-07-24T01:38:59.6696237Z,Sell,19.77,373
2025-07-24T01:38:59.7096237Z,Buy,19.80,1992
2025-07-24T01:38:59.8096237Z,Sell,19.79,1654
2025-07-24T01:38:59.8096237Z,Sell,19.79,1242
2025-07-24T01:38:59.8496237Z,Buy,19.80,349
2025-07-24T01:38:59.8596237Z,Buy,19.80,391
2025-07-24T01:38:59.8596237Z,Buy,19.80,200
2025-07-24T01:38:59.8796237Z,Buy,19.80,748
2025-07-24T01:38:59.8796237Z,Buy,19.80,1016
2025-07-24T01:38:59.8796237Z,Buy,19.80,508
2025-07-24T01:38:59.8996237Z,Buy,19.80,239
2025-07-24T01:38:59.8996237Z,Buy,19.80,3314
2025-07-24T01:38:59.9396237Z,Sell,19.79,7115
2025-07-24T01:38:59.9396237Z,Sell,19.79,504
2025-07-24T01:38:59.9396237Z,Sell,19.79,1623
2025-07-24T01:38:59.9396237Z,Sell,19.79,572
2025-07-24T01:38:59.9396237Z,Sell,19.79,1475
2025-07-24T01:38:59.9496237Z,Buy,19.80,294
2025-07-24T01:38:59.9496237Z,Buy,19.80,261
2025-07-24T01:38:59.9596237Z,Sell,19.79,1340
2025-07-24T01:38:59.9596237Z,Sell,19.79,248
2025-07-24T01:39:00.0196237Z,Sell,19.79,401
2025-07-24T01:39:00.0196237Z,Sell,19.79,282
2025-07-24T01:39:00.0296237Z,Buy,19.80,1438
2025-07-24T01:39:00.0296237Z,Buy,19.80,213
2025-07-24T01:39:00.0496237Z,Sell,19.78,496
2025-07-24T01:39:00.0796237Z,Sell,19.78,733
2025-07-24T01:39:00.0896237Z,Sell,19.78,957
2025-07-24T01:39:00.1096237Z,Buy,19.79,1281
2025-07-24T01:39:00.1296237Z,Buy,19.79,57
2025-07-24T01:39:00.1296237Z,Buy,19.79,227
2025-07-24T01:39:00.1396237Z,Sell,19.78,1402
2025-07-24T01:39:00.2096237Z,Buy,19.79,714
2025-07-24T01:39:00.2196237Z,Buy,19.79,924
2025-07-24T01:39:00.2396237Z,Buy,19.79,1078
2025-07-24T01:39:00.2796237Z,Buy,19.79,306
2025-07-24T01:39:00.2896237Z,Buy,19.79,1704
2025-07-24T01:39:00.2896237Z,Buy,19.79,213
2025-07-24T01:39:00.2896237Z,Buy,19.80,2363
2025-07-24T01:39:00.2996237Z,Buy,19.80,2500
2025-07-24T01:39:00.2996237Z,Buy,19.80,554
2025-07-24T01:39:00.2996237Z,Buy,19.80,283
2025-07-24T01:39:00.2996237Z,Buy,19.81,2152
2025-07-24T01:39:00.2996237Z,Buy,19.81,658
2025-07-24T01:39:00.2996237Z,Buy,19.81,4025
2025-07-24T01:39:00.2996237Z,Buy,19.81,2721
2025-07-24T01:39:00.3096237Z,Sell,19.79,407
2025-07-24T01:39:00.3196237Z,Buy,19.81,342
2025-07-24T01:39:00.3496237Z,Sell,19.79,154
2025-07-24T01:39:00.3496237Z,Sell,19.79,2500
2025-07-24T01:39:00.3496237Z,Sell,19.78,542
2025-07-24T01:39:00.3796237Z,Buy,19.80,385
2025-07-24T01:39:00.3896237Z,Buy,19.80,504
2025-07-24T01:39:00.3896237Z,Buy,19.81,1064
2025-07-24T01:39:00.4096237Z,Buy,19.81,1051
2025-07-24T01:39:00.4196237Z,Buy,19.81,2396
2025-07-24T01:39:00.4696237Z,Buy,19.81,219
2025-07-24T01:39:00.4996237Z,Buy,19.81,268
2025-07-24T01:39:00.5096237Z,Buy,19.81,3004
2025-07-24T01:39:00.5296237Z,Sell,19.80,173
2025-07-24T01:39:00.5396237Z,Sell,19.80,805
2025-07-24T01:39:00.5496237Z,Buy,19.81,509
2025-07-24T01:39:00.5496237Z,Buy,19.81,436
2025-07-24T01:39:00.5496237Z,Buy,19.81,514
2025-07-24T01:39:00.5496237Z,Buy,19.81,48
2025-07-24T01:39:00.5496237Z,Buy,19.81,24
2025-07-24T01:39:00.5596237Z,Buy,19.81,1199
2025-07-24T01:39:00.5796237Z,Buy,19.81,959
2025-07-24T01:39:00.6096237Z,Sell,19.80,468
2025-07-24T01:39:00.6096237Z,Sell,19.80,2500
2025-07-24T01:39:00.6096237Z,Sell,19.79,354
2025-07-24T01:39:00.6196237Z,Buy,19.81,1540
2025-07-24T01:39:00.6196237Z,Buy,19.81,178
2025-07-24T01:39:00.6496237Z,Buy,19.81,851
2025-07-24T01:39:00.6496237Z,Buy,19.81,890
2025-07-24T01:39:00.6696237Z,Sell,19.80,698
2025-07-24T01:39:00.6896237Z,Buy,19.81,2386
2025-07-24T01:39:00.6896237Z,Buy,19.81,832
2025-07-24T01:39:00.6896237Z,Buy,19.81,880
2025-07-24T01:39:00.6896237Z,Buy,19.81,515
2025-07-24T01:39:00.6996237Z,Sell,19.80,254
2025-07-24T01:39:00.7096237Z,Sell,19.80,696
2025-07-24T01:39:00.7496237Z,Sell,19.79,393
2025-07-24T01:39:00.7696237Z,Buy,19.81,22
2025-07-24T01:39:00.7696237Z,Buy,19.81,977
2025-07-24T01:39:00.7796237Z,Buy,19.81,1523
2025-07-24T01:39:00.7796237Z,Buy,19.81,977
2025-07-24T01:39:00.7796237Z,Buy,19.82,833
2025-07-24T01:39:00.7796237Z,Buy,19.82,915
2025-07-24T01:39:00.7796237Z,Buy,19.82,1263
2025-07-24T01:39:00.7796237Z,Buy,19.82,580
2025-07-24T01:39:00.7796237Z,Buy,19.82,2152
2025-07-24T01:39:00.7796237Z,Buy,19.83,1267
2025-07-24T01:39:00.7896237Z,Sell,19.80,302
2025-07-24T01:39:00.7996237Z,Buy,19.82,2500
2025-07-24T01:39:00.7996237Z,Buy,19.83,585
2025-07-24T01:39:00.7996237Z,Buy,19.83,1567
2025-07-24T01:39:00.7996237Z,Buy,19.84,1594
2025-07-24T01:39:00.7996237Z,Buy,19.84,258
2025-07-24T01:39:00.7996237Z,Buy,19.85,746
2025-07-24T01:39:00.7996237Z,Buy,19.85,974
2025-07-24T01:39:00.7996237Z,Buy,19.85,296
2025-07-24T01:39:00.8096237Z,Buy,19.84,1379
2025-07-24T01:39:00.8196237Z,Buy,19.84,949
2025-07-24T01:39:00.8396237Z,Buy,19.84,1379
2025-07-24T01:39:00.8396237Z,Buy,19.84,56
2025-07-24T01:39:00.8496237Z,Buy,19.84,949
2025-07-24T01:39:00.8496237Z,Buy,19.84,116
2025-07-24T01:39:00.8496237Z,Buy,19.84,1362
2025-07-24T01:39:00.8596237Z,Buy,19.84,73
2025-07-24T01:39:00.8596237Z,Buy,19.84,1564
2025-07-24T01:39:00.9296237Z,Buy,19.85,424
2025-07-24T01:39:00.9496237Z,Buy,19.85,433
2025-07-24T01:39:00.9796237Z,Buy,19.84,1338
2025-07-24T01:39:00.9996237Z,Buy,19.84,398
2025-07-24T01:39:00.9996237Z,Buy,19.84,638
2025-07-24T01:39:00.9996237Z,Buy,19.85,1632
2025-07-24T01:39:01.0196237Z,Sell,19.83,680
2025-07-24T01:39:01.0196237Z,Sell,19.83,1558
2025-07-24T01:39:01.0196237Z,Sell,19.83,229
2025-07-24T01:39:01.0696237Z,Buy,19.84,279
2025-07-24T01:39:01.0696237Z,Buy,19.85,778
2025-07-24T01:39:01.0796237Z,Sell,19.83,579
2025-07-24T01:39:01.0896237Z,Sell,19.83,290
2025-07-24T01:39:01.0896237Z,Sell,19.83,204
2025-07-24T01:39:01.0996237Z,Sell,19.83,2296
2025-07-24T01:39:01.0996237Z,Sell,19.83,204
2025-07-24T01:39:01.0996237Z,Sell,19.82,1162
2025-07-24T01:39:01.1496237Z,Buy,19.85,113
2025-07-24T01:39:01.1796237Z,Buy,19.85,220
2025-07-24T01:39:01.1796237Z,Buy,19.85,660
2025-07-24T01:39:01.1896237Z,Buy,19.85,2622
2025-07-24T01:39:01.1896237Z,Buy,19.85,463
2025-07-24T01:39:01.1896237Z,Buy,19.85,687
2025-07-24T01:39:01.1896237Z,Buy,19.85,169
2025-07-24T01:39:01.1896237Z,Buy,19.86,268
2025-07-24T01:39:01.2096237Z,Sell,19.84,1500
2025-07-24T01:39:01.2196237Z,Buy,19.86,1132
2025-07-24T01:39:01.2396237Z,Sell,19.85,1302
2025-07-24T01:39:01.2396237Z,Sell,19.84,2500
2025-07-24T01:39:01.2396237Z,Sell,19.84,415
2025-07-24T01:39:01.2396237Z,Sell,19.84,3339
2025-07-24T01:39:01.2396237Z,Sell,19.83,59
2025-07-24T01:39:01.2796237Z,Buy,19.86,1094
2025-07-24T01:39:01.3096237Z,Sell,19.84,715
2025-07-24T01:39:01.3096237Z,Sell,19.84,76
2025-07-24T01:39:01.3496237Z,Sell,19.85,404
2025-07-24T01:39:01.3496237Z,Sell,19.85,2500
2025-07-24T01:39:01.3496237Z,Sell,19.84,2152
2025-07-24T01:39:01.3496237Z,Sell,19.83,263
2025-07-24T01:39:01.3496237Z,Sell,19.83,1468
2025-07-24T01:39:01.3596237Z,Buy,19.85,332
2025-07-24T01:39:01.3696237Z,Buy,19.85,1537
2025-07-24T01:39:01.3796237Z,Sell,19.83,2289
2025-07-24T01:39:01.3896237Z,Buy,19.85,332
2025-07-24T01:39:01.3896237Z,Buy,19.85,127
2025-07-24T01:39:01.4196237Z,Buy,19.85,1311
2025-07-24T01:39:01.4296237Z,Sell,19.83,211
2025-07-24T01:39:01.4296237Z,Sell,19.83,801
2025-07-24T01:39:01.4396237Z,Sell,19.83,1488
2025-07-24T01:39:01.4396237Z,Sell,19.83,9
2025-07-24T01:39:01.4496237Z,Sell,19.83,306
2025-07-24T01:39:01.4796237Z,Sell,19.83,1773
2025-07-24T01:39:01.4896237Z,Buy,19.84,1011
2025-07-24T01:39:01.4996237Z,Sell,19.83,330
2025-07-24T01:39:01.5096237Z,Sell,19.83,788
2025-07-24T01:39:01.5196237Z,Buy,19.84,1227
2025-07-24T01:39:01.5596237Z,Buy,19.84,136
2025-07-24T01:39:01.5696237Z,Buy,19.84,890
2025-07-24T01:39:01.5696237Z,Buy,19.85,47
2025-07-24T01:39:01.5996237Z,Sell,19.83,51
2025-07-24T01:39:01.5996237Z,Sell,19.83,154
2025-07-24T01:39:01.5996237Z,Sell,19.83,68
2025-07-24T01:39:01.6096237Z,Buy,19.85,1136
2025-07-24T01:39:01.6196237Z,Buy,19.85,256
2025-07-24T01:39:01.6296237Z,Sell,19.83,125
2025-07-24T01:39:01.6496237Z,Buy,19.85,314
2025-07-24T01:39:01.6896237Z,Buy,19.85,625
2025-07-24T01:39:01.6996237Z,Buy,19.85,341
2025-07-24T01:39:01.7096237Z,Sell,19.83,23
2025-07-24T01:39:01.7096237Z,Sell,19.83,114
2025-07-24T01:39:01.7096237Z,Sell,19.83,731
2025-07-24T01:39:01.7296237Z,Sell,19.84,643
2025-07-24T01:39:01.7396237Z,Buy,19.85,421
2025-07-24T01:39:01.7396237Z,Buy,19.85,880
2025-07-24T01:39:01.7496237Z,Buy,19.85,563
2025-07-24T01:39:01.7496237Z,Buy,19.86,117
2025-07-24T01:39:01.7596237Z,Buy,19.86,2500
2025-07-24T01:39:01.7596237Z,Buy,19.86,2160
2025-07-24T01:39:01.7696237Z,Buy,19.86,965
2025-07-24T01:39:01.7696237Z,Buy,19.86,585
2025-07-24T01:39:01.7696237Z,Buy,19.86,58
2025-07-24T01:39:01.7696237Z,Buy,19.86,1275
2025-07-24T01:39:01.7696237Z,Buy,19.86,1015
2025-07-24T01:39:01.7696237Z,Buy,19.86,1815
2025-07-24T01:39:01.8096237Z,Sell,19.85,564
2025-07-24T01:39:01.8296237Z,Buy,19.87,2500
2025-07-24T01:39:01.8296237Z,Buy,19.87,1732
2025-07-24T01:39:01.8296237Z,Buy,19.87,1006
2025-07-24T01:39:01.8296237Z,Buy,19.88,496
2025-07-24T01:39:01.8596237Z,Buy,19.88,1024
2025-07-24T01:39:01.8696237Z,Sell,19.86,158
2025-07-24T01:39:01.8796237Z,Buy,19.88,114
2025-07-24T01:39:01.8896237Z,Sell,19.86,632
2025-07-24T01:39:01.8996237Z,Sell,19.86,339
2025-07-24T01:39:01.8996237Z,Sell,19.86,495
2025-07-24T01:39:01.9296237Z,Buy,19.88,510
2025-07-24T01:39:01.9496237Z,Buy,19.88,669
2025-07-24T01:39:01.9496237Z,Buy,19.89,2500
2025-07-24T01:39:01.9496237Z,Buy,19.89,1570
2025-07-24T01:39:01.9496237Z,Buy,19.90,2152
2025-07-24T01:39:01.9496237Z,Buy,19.91,1852
2025-07-24T01:39:01.9496237Z,Buy,19.92,1594
2025-07-24T01:39:01.9496237Z,Buy,19.93,1372
2025-07-24T01:39:01.9496237Z,Buy,19.94,883
2025-07-24T01:39:01.9696237Z,Sell,19.89,2500
2025-07-24T01:39:01.9696237Z,Sell,19.88,1101
2025-07-24T01:39:01.9996237Z,Buy,19.90,1
2025-07-24T01:39:02.0096237Z,Sell,19.88,541
2025-07-24T01:39:02.0096237Z,Sell,19.88,554
2025-07-24T01:39:02.0096237Z,Buy,19.90,1
2025-07-24T01:39:02.0196237Z,Buy,19.90,1
2025-07-24T01:39:02.0296237Z,Sell,19.88,308
2025-07-24T01:39:02.0296237Z,Buy,19.90,1
2025-07-24T01:39:02.0396237Z,Buy,19.90,363
2025-07-24T01:39:02.0396237Z,Buy,19.90,194
2025-07-24T01:39:02.0396237Z,Buy,19.90,1
2025-07-24T01:39:02.0496237Z,Sell,19.88,155
2025-07-24T01:39:02.0496237Z,Sell,19.88,146
2025-07-24T01:39:02.0496237Z,Buy,19.90,1
2025-07-24T01:39:02.0596237Z,Buy,19.90,1
2025-07-24T01:39:02.0696237Z,Buy,19.90,195
2025-07-24T01:39:02.0696237Z,Buy,19.90,3268
2025-07-24T01:39:02.0696237Z,Buy,19.90,1
2025-07-24T01:39:02.0796237Z,Sell,19.88,308
2025-07-24T01:39:02.0796237Z,Sell,19.88,2046
2025-07-24T01:39:02.0796237Z,Sell,19.88,146
2025-07-24T01:39:02.0796237Z,Sell,19.87,389
2025-07-24T01:39:02.0796237Z,Sell,19.87,101
2025-07-24T01:39:02.0796237Z,Buy,19.90,1
2025-07-24T01:39:02.0896237Z,Sell,19.88,626
2025-07-24T01:39:02.0896237Z,Buy,19.90,1
2025-07-24T01:39:02.0996237Z,Buy,19.90,1
2025-07-24T01:39:02.1096237Z,Buy,19.90,1
2025-07-24T01:39:02.1196237Z,Buy,19.90,1
2025-07-24T01:39:02.1296237Z,Sell,19.88,481
2025-07-24T01:39:02.1296237Z,Buy,19.90,1
2025-07-24T01:39:02.1396237Z,Buy,19.90,1
2025-07-24T01:39:02.1496237Z,Buy,19.90,1
2025-07-24T01:39:02.1596237Z,Sell,19.88,578
2025-07-24T01:39:02.1596237Z,Buy,19.90,1
2025-07-24T01:39:02.1696237Z,Buy,19.90,1
2025-07-24T01:39:02.1796237Z,Buy,19.90,1
2025-07-24T01:39:02.1896237Z,Sell,19.88,1393
2025-07-24T01:39:02.1896237Z,Sell,19.88,184
2025-07-24T01:39:02.1896237Z,Buy,19.90,1
2025-07-24T01:39:02.1996237Z,Buy,19.89,1
2025-07-24T01:39:02.2096237Z,Buy,19.89,428
2025-07-24T01:39:02.2096237Z,Buy,19.89,1
2025-07-24T01:39:02.2196237Z,Buy,19.89,99
2025-07-24T01:39:02.2196237Z,Buy,19.89,1
2025-07-24T01:39:02.2296237Z,Buy,19.89,1
2025-07-24T01:39:02.2396237Z,Buy,19.89,1
2025-07-24T01:39:02.2496237Z,Buy,19.89,1
2025-07-24T01:39:02.2596237Z,Sell,19.87,1695
2025-07-24T01:39:02.2596237Z,Buy,19.89,1
2025-07-24T01:39:02.2696237Z,Sell,19.87,2500
2025-07-24T01:39:02.2696237Z,Sell,19.87,1377
2025-07-24T01:39:02.2696237Z,Sell,19.86,2152
2025-07-24T01:39:02.2696237Z,Sell,19.86,291
2025-07-24T01:39:02.2696237Z,Sell,19.86,886
2025-07-24T01:39:02.2696237Z,Sell,19.86,717
2025-07-24T01:39:02.2696237Z,Sell,19.85,1852
2025-07-24T01:39:02.2696237Z,Sell,19.85,624
2025-07-24T01:39:02.2696237Z,Buy,19.89,1
2025-07-24T01:39:02.2796237Z,Buy,19.88,1
2025-07-24T01:39:02.2896237Z,Buy,19.88,2217
2025-07-24T01:39:02.2896237Z,Buy,19.88,88
2025-07-24T01:39:02.2896237Z,Buy,19.88,1
2025-07-24T01:39:02.2996237Z,Buy,19.88,1
2025-07-24T01:39:02.3096237Z,Sell,19.86,2333
2025-07-24T01:39:02.3096237Z,Buy,19.88,1
2025-07-24T01:39:02.3196237Z,Sell,19.86,842
2025-07-24T01:39:02.3196237Z,Buy,19.88,1
2025-07-24T01:39:02.3296237Z,Buy,19.88,1
2025-07-24T01:39:02.3396237Z,Buy,19.88,88
2025-07-24T01:39:02.3396237Z,Buy,19.88,1
2025-07-24T01:39:02.3396237Z,Buy,19.88,278
2025-07-24T01:39:02.3396237Z,Buy,19.88,1
2025-07-24T01:39:02.3496237Z,Buy,19.88,1
2025-07-24T01:39:02.3496237Z,Buy,19.88,1197
2025-07-24T01:39:02.3496237Z,Buy,19.88,1
2025-07-24T01:39:02.3596237Z,Buy,19.88,934
2025-07-24T01:39:02.3596237Z,Buy,19.88,367
2025-07-24T01:39:02.3596237Z,Buy,19.88,1199
2025-07-24T01:39:02.3596237Z,Buy,19.89,1407
2025-07-24T01:39:02.3596237Z,Buy,19.89,380
2025-07-24T01:39:02.3596237Z,Buy,19.89,565
2025-07-24T01:39:02.3596237Z,Buy,19.89,1032
2025-07-24T01:39:02.3596237Z,Buy,19.89,1
2025-07-24T01:39:02.3696237Z,Buy,19.89,2500
2025-07-24T01:39:02.3696237Z,Buy,19.89,858
2025-07-24T01:39:02.3696237Z,Buy,19.90,1634
2025-07-24T01:39:02.3696237Z,Buy,19.90,1
2025-07-24T01:39:02.3796237Z,Buy,19.89,2318
2025-07-24T01:39:02.3796237Z,Buy,19.89,1
2025-07-24T01:39:02.3896237Z,Buy,19.89,1
2025-07-24T01:39:02.3996237Z,Buy,19.89,1
2025-07-24T01:39:02.4096237Z,Buy,19.90,1
2025-07-24T01:39:02.4196237Z,Buy,19.90,1
2025-07-24T01:39:02.4296237Z,Sell,19.89,330
2025-07-24T01:39:02.4296237Z,Buy,19.90,1
2025-07-24T01:39:02.4396237Z,Buy,19.90,1
2025-07-24T01:39:02.4496237Z,Buy,19.90,1
2025-07-24T01:39:02.4596237Z,Buy,19.90,1835
2025-07-24T01:39:02.4596237Z,Buy,19.90,1
2025-07-24T01:39:02.4696237Z,Buy,19.90,742
2025-07-24T01:39:02.4696237Z,Buy,19.90,401
2025-07-24T01:39:02.4696237Z,Buy,19.90,321
2025-07-24T01:39:02.4696237Z,Buy,19.90,1
2025-07-24T01:39:02.4796237Z,Buy,19.90,1
2025-07-24T01:39:02.4896237Z,Buy,19.90,1
2025-07-24T01:39:02.4996237Z,Buy,19.90,1036
2025-07-24T01:39:02.4996237Z,Buy,19.90,42
2025-07-24T01:39:02.4996237Z,Buy,19.90,1
2025-07-24T01:39:02.5096237Z,Buy,19.90,1
2025-07-24T01:39:02.5196237Z,Buy,19.90,73
2025-07-24T01:39:02.5196237Z,Buy,19.90,531
2025-07-24T01:39:02.5196237Z,Buy,19.90,1
2025-07-24T01:39:02.5296237Z,Buy,19.90,1
2025-07-24T01:39:02.5396237Z,Buy,19.90,1
2025-07-24T01:39:02.5496237Z,Buy,19.90,1
2025-07-24T01:39:02.5596237Z,Buy,19.90,783
2025-07-24T01:39:02.5596237Z,Buy,19.90,1
2025-07-24T01:39:02.5696237Z,Buy,19.90,1
2025-07-24T01:39:02.5796237Z,Buy,19.90,733
2025-07-24T01:39:02.5796237Z,Buy,19.90,1
2025-07-24T01:39:02.5896237Z,Sell,19.89,1182
2025-07-24T01:39:02.5896237Z,Sell,19.89,500
2025-07-24T01:39:02.5896237Z,Sell,19.89,1266
2025-07-24T01:39:02.5896237Z,Buy,19.90,1
2025-07-24T01:39:02.5996237Z,Sell,19.89,148
2025-07-24T01:39:02.5996237Z,Buy,19.90,1
2025-07-24T01:39:02.6096237Z,Buy,19.90,1
2025-07-24T01:39:02.6196237Z,Buy,19.90,1
2025-07-24T01:39:02.6296237Z,Buy,19.90,1
2025-07-24T01:39:02.6396237Z,Buy,19.90,284
2025-07-24T01:39:02.6396237Z,Buy,19.91,2500
2025-07-24T01:39:02.6396237Z,Buy,19.91,1460
2025-07-24T01:39:02.6396237Z,Buy,19.91,1
2025-07-24T01:39:02.6496237Z,Sell,19.89,800
2025-07-24T01:39:02.6496237Z,Buy,19.91,1
2025-07-24T01:39:02.6596237Z,Buy,19.91,1
2025-07-24T01:39:02.6696237Z,Buy,19.91,2570
2025-07-24T01:39:02.6696237Z,Buy,19.91,471
2025-07-24T01:39:02.6696237Z,Buy,19.91,786
2025-07-24T01:39:02.6696237Z,Buy,19.91,530
2025-07-24T01:39:02.6696237Z,Buy,19.91,1362
2025-07-24T01:39:02.6696237Z,Buy,19.91,1
2025-07-24T01:39:02.6796237Z,Buy,19.91,306
2025-07-24T01:39:02.6796237Z,Buy,19.91,1
2025-07-24T01:39:02.6896237Z,Buy,19.91,1
2025-07-24T01:39:02.6996237Z,Buy,19.91,775
2025-07-24T01:39:02.6996237Z,Buy,19.91,1
2025-07-24T01:39:02.7096237Z,Buy,19.91,187
2025-07-24T01:39:02.7096237Z,Buy,19.91,1
2025-07-24T01:39:02.7196237Z,Sell,19.90,1307
2025-07-24T01:39:02.7196237Z,Buy,19.91,1
2025-07-24T01:39:02.7296237Z,Buy,19.91,1
2025-07-24T01:39:02.7396237Z,Buy,19.91,1
2025-07-24T01:39:02.7496237Z,Buy,19.91,612
2025-07-24T01:39:02.7496237Z,Buy,19.91,1
2025-07-24T01:39:02.7596237Z,Buy,19.91,1
2025-07-24T01:39:02.7696237Z,Buy,19.91,1
2025-07-24T01:39:02.7796237Z,Buy,19.91,1
2025-07-24T01:39:02.7896237Z,Buy,19.91,1234
2025-07-24T01:39:02.7896237Z,Buy,19.92,2500
2025-07-24T01:39:02.7896237Z,Buy,19.92,1878
2025-07-24T01:39:02.7896237Z,Buy,19.92,244
2025-07-24T01:39:02.7896237Z,Buy,19.92,910
2025-07-24T01:39:02.7896237Z,Buy,19.93,818
2025-07-24T01:39:02.7896237Z,Buy,19.93,1
2025-07-24T01:39:02.7996237Z,Sell,19.90,2500
2025-07-24T01:39:02.7996237Z,Sell,19.90,2992
2025-07-24T01:39:02.7996237Z,Sell,19.90,369
2025-07-24T01:39:02.7996237Z,Buy,19.92,1
2025-07-24T01:39:02.8096237Z,Buy,19.92,1
2025-07-24T01:39:02.8196237Z,Buy,19.92,1041
2025-07-24T01:39:02.8196237Z,Buy,19.92,1
2025-07-24T01:39:02.8296237Z,Buy,19.92,1
2025-07-24T01:39:02.8396237Z,Buy,19.92,1
2025-07-24T01:39:02.8496237Z,Buy,19.92,1
2025-07-24T01:39:02.8596237Z,Sell,19.90,1201
2025-07-24T01:39:02.8596237Z,Buy,19.92,1
2025-07-24T01:39:02.8696237Z,Sell,19.90,2500
2025-07-24T01:39:02.8696237Z,Sell,19.90,136
2025-07-24T01:39:02.8696237Z,Buy,19.92,1
2025-07-24T01:39:02.8796237Z,Buy,19.92,805
2025-07-24T01:39:02.8796237Z,Buy,19.92,1
2025-07-24T01:39:02.8896237Z,Sell,19.90,472
2025-07-24T01:39:02.8896237Z,Sell,19.90,285
2025-07-24T01:39:02.8896237Z,Sell,19.90,1139
2025-07-24T01:39:02.8896237Z,Buy,19.92,1
2025-07-24T01:39:02.8996237Z,Buy,19.92,1
2025-07-24T01:39:02.9096237Z,Buy,19.92,1
2025-07-24T01:39:02.9096237Z,Buy,19.92,627
2025-07-24T01:39:02.9096237Z,Buy,19.92,824
2025-07-24T01:39:02.9096237Z,Buy,19.92,1
2025-07-24T01:39:02.9196237Z,Buy,19.92,1
2025-07-24T01:39:02.9296237Z,Buy,19.92,1
2025-07-24T01:39:02.9396237Z,Buy,19.92,1
2025-07-24T01:39:02.9496237Z,Buy,19.92,1
2025-07-24T01:39:02.9496237Z,Buy,19.92,437
2025-07-24T01:39:02.9496237Z,Buy,19.92,1
2025-07-24T01:39:02.9596237Z,Buy,19.92,1445
2025-07-24T01:39:02.9596237Z,Buy,19.92,1
2025-07-24T01:39:02.9696237Z,Buy,19.91,1
2025-07-24T01:39:02.9796237Z,Sell,19.90,1745
2025-07-24T01:39:02.9796237Z,Sell,19.90,327
2025-07-24T01:39:02.9796237Z,Sell,19.90,331
2025-07-24T01:39:02.9796237Z,Buy,19.91,1
2025-07-24T01:39:02.9896237Z,Buy,19.91,1
2025-07-24T01:39:02.9996237Z,Buy,19.91,1
2025-07-24T01:39:03.0096237Z,Buy,19.91,566
2025-07-24T01:39:03.0096237Z,Buy,19.91,1
2025-07-24T01:39:03.0196237Z,Sell,19.90,2233
2025-07-24T01:39:03.0196237Z,Buy,19.91,1
2025-07-24T01:39:03.0296237Z,Buy,19.91,1824
2025-07-24T01:39:03.0296237Z,Buy,19.91,1627
2025-07-24T01:39:03.0296237Z,Buy,19.91,1
2025-07-24T01:39:03.0396237Z,Buy,19.91,1
2025-07-24T01:39:03.0496237Z,Buy,19.91,1
2025-07-24T01:39:03.0596237Z,Buy,19.91,1
2025-07-24T01:39:03.0696237Z,Buy,19.91,284
2025-07-24T01:39:03.0696237Z,Buy,19.91,1
2025-07-24T01:39:03.0796237Z,Buy,19.91,1
2025-07-24T01:39:03.0896237Z,Buy,19.91,1
2025-07-24T01:39:03.0996237Z,Buy,19.91,1
2025-07-24T01:39:03.1096237Z,Buy,19.91,604
2025-07-24T01:39:03.1096237Z,Buy,19.91,306
2025-07-24T01:39:03.1096237Z,Buy,19.91,308
2025-07-24T01:39:03.1096237Z,Buy,19.92,2500
2025-07-24T01:39:03.1096237Z,Buy,19.93,652
2025-07-24T01:39:03.1096237Z,Buy,19.93,1
2025-07-24T01:39:03.1196237Z,Buy,19.92,1
2025-07-24T01:39:03.1296237Z,Buy,19.92,1
2025-07-24T01:39:03.1396237Z,Buy,19.92,1
2025-07-24T01:39:03.1496237Z,Sell,19.90,664
2025-07-24T01:39:03.1496237Z,Buy,19.92,1
2025-07-24T01:39:03.1596237Z,Buy,19.92,210
2025-07-24T01:39:03.1596237Z,Buy,19.92,311
2025-07-24T01:39:03.1596237Z,Buy,19.92,1
2025-07-24T01:39:03.1696237Z,Buy,19.92,1
2025-07-24T01:39:03.1796237Z,Buy,19.92,1
2025-07-24T01:39:03.1896237Z,Buy,19.92,1186
2025-07-24T01:39:03.1896237Z,Buy,19.92,1
2025-07-24T01:39:03.1996237Z,Sell,19.90,981
2025-07-24T01:39:03.1996237Z,Buy,19.92,1
2025-07-24T01:39:03.2096237Z,Sell,19.90,1519
2025-07-24T01:39:03.2096237Z,Sell,19.90,981
2025-07-24T01:39:03.2096237Z,Sell,19.90,2372
2025-07-24T01:39:03.2096237Z,Buy,19.92,1
2025-07-24T01:39:03.2196237Z,Buy,19.92,1
2025-07-24T01:39:03.2296237Z,Sell,19.90,1746
2025-07-24T01:39:03.2296237Z,Buy,19.92,1
2025-07-24T01:39:03.2396237Z,Buy,19.92,1
2025-07-24T01:39:03.2496237Z,Buy,19.93,153
2025-07-24T01:39:03.2496237Z,Buy,19.93,1
2025-07-24T01:39:03.2596237Z,Sell,19.91,590
2025-07-24T01:39:03.2596237Z,Sell,19.91,2500
2025-07-24T01:39:03.2596237Z,Sell,19.90,1197
2025-07-24T01:39:03.2596237Z,Buy,19.93,1
2025-07-24T01:39:03.2696237Z,Buy,19.92,843
2025-07-24T01:39:03.2696237Z,Buy,19.92,1
2025-07-24T01:39:03.2796237Z,Buy,19.92,1656
2025-07-24T01:39:03.2796237Z,Buy,19.92,844
2025-07-24T01:39:03.2796237Z,Buy,19.93,275
2025-07-24T01:39:03.2796237Z,Buy,19.93,1
2025-07-24T01:39:03.2896237Z,Sell,19.91,971
2025-07-24T01:39:03.2896237Z,Buy,19.93,1
2025-07-24T01:39:03.2996237Z,Buy,19.93,1
2025-07-24T01:39:03.3096237Z,Sell,19.91,905
2025-07-24T01:39:03.3096237Z,Buy,19.93,1
2025-07-24T01:39:03.3196237Z,Buy,19.93,919
2025-07-24T01:39:03.3196237Z,Buy,19.93,1
2025-07-24T01:39:03.3296237Z,Buy,19.93,1
2025-07-24T01:39:03.3296237Z,Buy,19.93,1579
2025-07-24T01:39:03.3296237Z,Buy,19.93,314
2025-07-24T01:39:03.3296237Z,Buy,19.93,1
2025-07-24T01:39:03.3396237Z,Buy,19.93,605
2025-07-24T01:39:03.3396237Z,Buy,19.93,1895
2025-07-24T01:39:03.3396237Z,Buy,19.93,2742
2025-07-24T01:39:03.3396237Z,Buy,19.93,935
2025-07-24T01:39:03.3396237Z,Buy,19.93,510
2025-07-24T01:39:03.3396237Z,Buy,19.94,712
2025-07-24T01:39:03.3396237Z,Buy,19.94,1
2025-07-24T01:39:03.3496237Z,Buy,19.93,1
2025-07-24T01:39:03.3596237Z,Buy,19.94,1
2025-07-24T01:39:03.3696237Z,Buy,19.94,1085
2025-07-24T01:39:03.3696237Z,Buy,19.94,1
2025-07-24T01:39:03.3796237Z,Sell,19.92,716
2025-07-24T01:39:03.3796237Z,Buy,19.94,1
2025-07-24T01:39:03.3896237Z,Buy,19.94,514
2025-07-24T01:39:03.3896237Z,Buy,19.94,1
2025-07-24T01:39:03.3996237Z,Buy,19.94,1
2025-07-24T01:39:03.4096237Z,Sell,19.92,1331
2025-07-24T01:39:03.4096237Z,Sell,19.92,1268
2025-07-24T01:39:03.4096237Z,Sell,19.92,816
2025-07-24T01:39:03.4096237Z,Buy,19.94,1
2025-07-24T01:39:03.4196237Z,Buy,19.94,1
2025-07-24T01:39:03.4296237Z,Buy,19.94,1
2025-07-24T01:39:03.4396237Z,Sell,19.93,453
2025-07-24T01:39:03.4396237Z,Buy,19.95,1
2025-07-24T01:39:03.4496237Z,Buy,19.95,1
2025-07-24T01:39:03.4596237Z,Sell,19.93,614
2025-07-24T01:39:03.4596237Z,Sell,19.93,250
2025-07-24T01:39:03.4596237Z,Sell,19.93,1931
2025-07-24T01:39:03.4596237Z,Buy,19.95,1
2025-07-24T01:39:03.4696237Z,Buy,19.95,1
2025-07-24T01:39:03.4796237Z,Sell,19.94,125
2025-07-24T01:39:03.4796237Z,Sell,19.93,2500
2025-07-24T01:39:03.4796237Z,Sell,19.92,882
2025-07-24T01:39:03.4796237Z,Buy,19.95,1
2025-07-24T01:39:03.4896237Z,Buy,19.95,1
2025-07-24T01:39:03.4996237Z,Buy,19.95,2255
2025-07-24T01:39:03.4996237Z,Buy,19.95,1
2025-07-24T01:39:03.5096237Z,Sell,19.94,2724
2025-07-24T01:39:03.5096237Z,Sell,19.94,1105
2025-07-24T01:39:03.5096237Z,Buy,19.96,1
2025-07-24T01:39:03.5196237Z,Buy,19.96,2499
2025-07-24T01:39:03.5196237Z,Buy,19.96,1
2025-07-24T01:39:03.5196237Z,Buy,19.96,1971
2025-07-24T01:39:03.5196237Z,Buy,19.96,1
2025-07-24T01:39:03.5296237Z,Buy,19.96,1
2025-07-24T01:39:03.5396237Z,Buy,19.96,1
2025-07-24T01:39:03.5496237Z,Sell,19.94,291
2025-07-24T01:39:03.5496237Z,Sell,19.94,142
2025-07-24T01:39:03.5496237Z,Buy,19.96,1
2025-07-24T01:39:03.5596237Z,Buy,19.96,1
2025-07-24T01:39:03.5696237Z,Buy,19.96,1
2025-07-24T01:39:03.5796237Z,Buy,19.95,1
2025-07-24T01:39:03.5896237Z,Buy,19.95,1
2025-07-24T01:39:03.5996237Z,Buy,19.95,1
2025-07-24T01:39:03.6096237Z,Buy,19.95,1
2025-07-24T01:39:03.6196237Z,Buy,19.95,1
2025-07-24T01:39:03.6296237Z,Buy,19.95,1
2025-07-24T01:39:03.6396237Z,Sell,19.94,3018
2025-07-24T01:39:03.6396237Z,Sell,19.94,2500
2025-07-24T01:39:03.6396237Z,Sell,19.93,213
2025-07-24T01:39:03.6396237Z,Buy,19.95,1
2025-07-24T01:39:03.6496237Z,Buy,19.95,492
2025-07-24T01:39:03.6496237Z,Buy,19.95,971
2025-07-24T01:39:03.6496237Z,Buy,19.95,1
2025-07-24T01:39:03.6596237Z,Buy,19.95,1273
2025-07-24T01:39:03.6596237Z,Buy,19.95,1
2025-07-24T01:39:03.6696237Z,Sell,19.93,212
2025-07-24T01:39:03.6696237Z,Sell,19.93,10
2025-07-24T01:39:03.6696237Z,Buy,19.95,1
2025-07-24T01:39:03.6796237Z,Buy,19.95,1
2025-07-24T01:39:03.6896237Z,Buy,19.95,2215
2025-07-24T01:39:03.6896237Z,Buy,19.95,1
2025-07-24T01:39:03.6996237Z,Buy,19.95,2531
2025-07-24T01:39:03.6996237Z,Buy,19.95,1
2025-07-24T01:39:03.7096237Z,Sell,19.93,2500
2025-07-24T01:39:03.7096237Z,Sell,19.93,426
2025-07-24T01:39:03.7096237Z,Sell,19.93,128
2025-07-24T01:39:03.7096237Z,Sell,19.92,379
2025-07-24T01:39:03.7096237Z,Buy,19.95,1
2025-07-24T01:39:03.7196237Z,Sell,19.93,203
2025-07-24T01:39:03.7196237Z,Buy,19.95,1
2025-07-24T01:39:03.7296237Z,Buy,19.95,1
2025-07-24T01:39:03.7396237Z,Buy,19.95,1
2025-07-24T01:39:03.7396237Z,Buy,19.95,410
2025-07-24T01:39:03.7396237Z,Buy,19.95,1
2025-07-24T01:39:03.7496237Z,Buy,19.95,903
2025-07-24T01:39:03.7496237Z,Buy,19.95,1
2025-07-24T01:39:03.7596237Z,Sell,19.93,1522
2025-07-24T01:39:03.7596237Z,Buy,19.95,1
2025-07-24T01:39:03.7696237Z,Buy,19.95,411
2025-07-24T01:39:03.7696237Z,Buy,19.95,286
2025-07-24T01:39:03.7696237Z,Buy,19.95,1
2025-07-24T01:39:03.7796237Z,Buy,19.95,1
2025-07-24T01:39:03.7796237Z,Buy,19.95,200
2025-07-24T01:39:03.7796237Z,Buy,19.95,1
2025-07-24T01:39:03.7896237Z,Buy,19.95,508
2025-07-24T01:39:03.7896237Z,Buy,19.95,1
2025-07-24T01:39:03.7996237Z,Buy,19.95,1
2025-07-24T01:39:03.8096237Z,Buy,19.95,1
2025-07-24T01:39:03.8196237Z,Buy,19.95,1
2025-07-24T01:39:03.8296237Z,Buy,19.95,1
2025-07-24T01:39:03.8396237Z,Buy,19.95,1
2025-07-24T01:39:03.8496237Z,Buy,19.95,1
2025-07-24T01:39:03.8596237Z,Sell,19.93,234
2025-07-24T01:39:03.8596237Z,Sell,19.93,784
2025-07-24T01:39:03.8596237Z,Sell,19.93,31
2025-07-24T01:39:03.8596237Z,Buy,19.95,1
2025-07-24T01:39:03.8696237Z,Buy,19.95,1
2025-07-24T01:39:03.8796237Z,Buy,19.95,1
2025-07-24T01:39:03.8896237Z,Buy,19.95,1386
2025-07-24T01:39:03.8896237Z,Buy,19.95,1
2025-07-24T01:39:03.8996237Z,Buy,19.95,1
2025-07-24T01:39:03.9096237Z,Buy,19.95,1
2025-07-24T01:39:03.9196237Z,Sell,19.93,642
2025-07-24T01:39:03.9196237Z,Sell,19.93,457
2025-07-24T01:39:03.9196237Z,Buy,19.95,1
2025-07-24T01:39:03.9296237Z,Sell,19.93,625
2025-07-24T01:39:03.9296237Z,Buy,19.95,1
2025-07-24T01:39:03.9396237Z,Buy,19.95,1
2025-07-24T01:39:03.9396237Z,Buy,19.95,499
2025-07-24T01:39:03.9396237Z,Buy,19.95,1
2025-07-24T01:39:03.9496237Z,Buy,19.95,1928
2025-07-24T01:39:03.9496237Z,Buy,19.95,1
2025-07-24T01:39:03.9596237Z,Buy,19.95,71
2025-07-24T01:39:03.9596237Z,Buy,19.95,355
2025-07-24T01:39:03.9596237Z,Buy,19.95,1
2025-07-24T01:39:03.9696237Z,Buy,19.95,145
2025-07-24T01:39:03.9696237Z,Buy,19.95,1928
2025-07-24T01:39:03.9696237Z,Buy,19.95,427
2025-07-24T01:39:03.9696237Z,Buy,19.95,765
2025-07-24T01:39:03.9696237Z,Buy,19.96,2152
2025-07-24T01:39:03.9696237Z,Buy,19.96,4389
2025-07-24T01:39:03.9696237Z,Buy,19.96,1947
2025-07-24T01:39:03.9696237Z,Buy,19.96,276
2025-07-24T01:39:03.9696237Z,Buy,19.96,1
2025-07-24T01:39:03.9796237Z,Buy,19.95,1
2025-07-24T01:39:03.9896237Z,Buy,19.96,1432
2025-07-24T01:39:03.9896237Z,Buy,19.96,1
2025-07-24T01:39:03.9996237Z,Sell,19.94,568
2025-07-24T01:39:03.9996237Z,Buy,19.96,1
2025-07-24T01:39:04.0096237Z,Buy,19.96,1
