ts,bidPrice,bidQty,askPrice,askQty
2025-07-24T02:19:48.9165429Z,19.99,3900,20.01,5000
2025-07-24T02:19:48.9165429Z,19.98,4304,20.02,4304
2025-07-24T02:19:48.9165429Z,19.97,3704,20.03,3704
2025-07-24T02:19:48.9165429Z,19.96,3188,20.04,3188
2025-07-24T02:19:48.9165429Z,19.95,2744,20.05,2744
2025-07-24T02:19:48.9165429Z,19.94,2362,20.06,2362
2025-07-24T02:19:48.9165429Z,19.93,2032,20.07,2032
2025-07-24T02:19:48.9165429Z,19.92,1750,20.08,1750
2025-07-24T02:19:48.9165429Z,19.91,1506,20.09,1506
2025-07-24T02:19:48.9165429Z,19.90,1296,20.10,1296
                                   
2025-07-24T02:19:49.9165429Z,20.00,28418,20.01,18527
2025-07-24T02:19:49.9165429Z,20.00,2500,20.02,2500
2025-07-24T02:19:49.9165429Z,19.99,5706,20.02,12051
2025-07-24T02:19:49.9165429Z,19.99,2152,20.03,2152
2025-07-24T02:19:49.9165429Z,19.98,15388,20.03,1852
2025-07-24T02:19:49.9165429Z,19.98,1852,20.04,1852
2025-07-24T02:19:49.9165429Z,19.97,988,20.05,1594
2025-07-24T02:19:49.9165429Z,19.97,1594,20.05,1372
2025-07-24T02:19:49.9165429Z,19.96,1594,20.06,1372
2025-07-24T02:19:49.9165429Z,19.96,1372,20.06,1181
                                   
2025-07-24T02:19:50.9165429Z,20.01,13062,20.02,19065
2025-07-24T02:19:50.9165429Z,20.01,2500,20.03,2500
2025-07-24T02:19:50.9165429Z,20.00,12784,20.03,1249
2025-07-24T02:19:50.9165429Z,20.00,2152,20.04,2152
2025-07-24T02:19:50.9165429Z,19.99,6945,20.05,1852
2025-07-24T02:19:50.9165429Z,19.99,1852,20.06,1594
2025-07-24T02:19:50.9165429Z,19.98,15909,20.06,1181
2025-07-24T02:19:50.9165429Z,19.98,1594,20.07,1372
2025-07-24T02:19:50.9165429Z,19.97,3629,20.08,1181
2025-07-24T02:19:50.9165429Z,19.97,1372,20.09,1016
                                   
2025-07-24T02:19:51.9165429Z,20.06,5280,20.08,2957
2025-07-24T02:19:51.9165429Z,20.05,9277,20.09,29591
2025-07-24T02:19:51.9165429Z,20.04,2607,20.10,2500
2025-07-24T02:19:51.9165429Z,20.03,5940,20.11,1594
2025-07-24T02:19:51.9165429Z,20.02,5569,20.12,1372
2025-07-24T02:19:51.9165429Z,20.01,14019,20.13,1181
2025-07-24T02:19:51.9165429Z,20.00,20427,20.14,1016
2025-07-24T02:19:51.9165429Z,19.99,4905,20.15,875
2025-07-24T02:19:51.9165429Z,19.98,11421,20.16,753
2025-07-24T02:19:51.9165429Z,19.97,4277,20.17,648
                                   
2025-07-24T02:19:52.9165429Z,20.10,2500,20.12,2977
2025-07-24T02:19:52.9165429Z,20.10,546,20.12,2500
2025-07-24T02:19:52.9165429Z,20.09,2152,20.13,2156
2025-07-24T02:19:52.9165429Z,20.09,7549,20.13,2152
2025-07-24T02:19:52.9165429Z,20.08,1852,20.14,2982
2025-07-24T02:19:52.9165429Z,20.08,14030,20.14,1852
2025-07-24T02:19:52.9165429Z,20.07,1594,20.15,3712
2025-07-24T02:19:52.9165429Z,20.07,7871,20.15,1594
2025-07-24T02:19:52.9165429Z,20.06,1372,20.16,1372
2025-07-24T02:19:52.9165429Z,20.06,9512,20.17,1181
                                   
2025-07-24T02:19:53.9165429Z,20.12,6708,20.13,26759
2025-07-24T02:19:53.9165429Z,20.12,2500,20.14,2500
2025-07-24T02:19:53.9165429Z,20.11,561,20.14,15275
2025-07-24T02:19:53.9165429Z,20.11,2152,20.15,2152
2025-07-24T02:19:53.9165429Z,20.10,6428,20.15,4425
2025-07-24T02:19:53.9165429Z,20.10,1852,20.16,1852
2025-07-24T02:19:53.9165429Z,20.09,13921,20.17,1594
2025-07-24T02:19:53.9165429Z,20.09,1594,20.18,1372
2025-07-24T02:19:53.9165429Z,20.08,14030,20.19,1181
2025-07-24T02:19:53.9165429Z,20.08,1372,20.20,1016
                                   
2025-07-24T02:19:54.9165429Z,20.12,18452,20.14,2500
2025-07-24T02:19:54.9165429Z,20.12,2500,20.14,14610
2025-07-24T02:19:54.9165429Z,20.11,4978,20.15,2152
2025-07-24T02:19:54.9165429Z,20.11,2152,20.15,2372
2025-07-24T02:19:54.9165429Z,20.10,7771,20.16,1852
2025-07-24T02:19:54.9165429Z,20.10,1852,20.16,8912
2025-07-24T02:19:54.9165429Z,20.09,11437,20.17,1594
2025-07-24T02:19:54.9165429Z,20.09,1594,20.18,1372
2025-07-24T02:19:54.9165429Z,20.08,14030,20.19,1181
2025-07-24T02:19:54.9165429Z,20.07,2519,20.20,1016
                                   
2025-07-24T02:19:55.9165429Z,20.18,908,20.20,492
2025-07-24T02:19:55.9165429Z,20.18,2500,20.20,525
2025-07-24T02:19:55.9165429Z,20.17,1075,20.21,2152
2025-07-24T02:19:55.9165429Z,20.17,2152,20.22,1852
2025-07-24T02:19:55.9165429Z,20.16,1852,20.23,1594
2025-07-24T02:19:55.9165429Z,20.15,26713,20.24,1372
2025-07-24T02:19:55.9165429Z,20.15,1594,20.25,1181
2025-07-24T02:19:55.9165429Z,20.14,9722,20.26,1016
2025-07-24T02:19:55.9165429Z,20.14,1372,20.27,875
2025-07-24T02:19:55.9165429Z,20.13,2126,20.28,753
                                   
2025-07-24T02:19:56.9165429Z,20.20,3592,20.21,1500
2025-07-24T02:19:56.9165429Z,20.20,2500,20.22,2500
2025-07-24T02:19:56.9165429Z,20.19,12067,20.22,1115
2025-07-24T02:19:56.9165429Z,20.19,2152,20.23,2152
2025-07-24T02:19:56.9165429Z,20.18,4839,20.23,2877
2025-07-24T02:19:56.9165429Z,20.18,1852,20.24,1852
2025-07-24T02:19:56.9165429Z,20.17,859,20.25,1594
2025-07-24T02:19:56.9165429Z,20.17,1594,20.26,1372
2025-07-24T02:19:56.9165429Z,20.16,4915,20.27,1181
2025-07-24T02:19:56.9165429Z,20.16,1372,20.28,1016
                                   
2025-07-24T02:19:57.9165429Z,20.22,6125,20.23,4327
2025-07-24T02:19:57.9165429Z,20.21,4265,20.24,12324
2025-07-24T02:19:57.9165429Z,20.20,2152,20.25,3202
2025-07-24T02:19:57.9165429Z,20.19,8646,20.26,3537
2025-07-24T02:19:57.9165429Z,20.18,6011,20.27,1372
2025-07-24T02:19:57.9165429Z,20.17,2231,20.28,1181
2025-07-24T02:19:57.9165429Z,20.16,2686,20.29,1016
2025-07-24T02:19:57.9165429Z,20.15,1773,20.30,875
2025-07-24T02:19:57.9165429Z,20.14,2495,20.31,753
2025-07-24T02:19:57.9165429Z,20.13,753,20.32,648
                                   
2025-07-24T02:19:58.9165429Z,20.22,2500,20.23,298
2025-07-24T02:19:58.9165429Z,20.21,2152,20.24,2500
2025-07-24T02:19:58.9165429Z,20.20,3658,20.24,3185
2025-07-24T02:19:58.9165429Z,20.20,1852,20.25,2152
2025-07-24T02:19:58.9165429Z,20.19,8753,20.25,18445
2025-07-24T02:19:58.9165429Z,20.19,1594,20.26,1852
2025-07-24T02:19:58.9165429Z,20.18,1913,20.26,1943
2025-07-24T02:19:58.9165429Z,20.18,1372,20.27,1594
2025-07-24T02:19:58.9165429Z,20.17,548,20.28,1372
2025-07-24T02:19:58.9165429Z,20.17,1181,20.29,1181
                                   
2025-07-24T02:19:59.9165429Z,20.20,2500,20.22,10829
2025-07-24T02:19:59.9165429Z,20.20,774,20.22,2500
2025-07-24T02:19:59.9165429Z,20.19,2152,20.23,2152
2025-07-24T02:19:59.9165429Z,20.19,7581,20.24,4489
2025-07-24T02:19:59.9165429Z,20.18,1852,20.24,1852
2025-07-24T02:19:59.9165429Z,20.18,340,20.25,15957
2025-07-24T02:19:59.9165429Z,20.17,1594,20.25,1594
2025-07-24T02:19:59.9165429Z,20.16,1372,20.26,1052
2025-07-24T02:19:59.9165429Z,20.16,1505,20.26,1372
2025-07-24T02:19:59.9165429Z,20.15,1181,20.27,1884
                                   
2025-07-24T02:20:00.9165429Z,20.19,2500,20.20,388
2025-07-24T02:20:00.9165429Z,20.18,3455,20.21,2500
2025-07-24T02:20:00.9165429Z,20.18,2152,20.21,1437
2025-07-24T02:20:00.9165429Z,20.17,10132,20.22,2152
2025-07-24T02:20:00.9165429Z,20.17,1852,20.22,10568
2025-07-24T02:20:00.9165429Z,20.16,146,20.23,1852
2025-07-24T02:20:00.9165429Z,20.16,1594,20.23,7483
2025-07-24T02:20:00.9165429Z,20.15,1372,20.24,1594
2025-07-24T02:20:00.9165429Z,20.14,1181,20.24,3878
2025-07-24T02:20:00.9165429Z,20.13,1016,20.25,1372
                                   
2025-07-24T02:20:01.9165429Z,20.18,12974,20.19,14388
2025-07-24T02:20:01.9165429Z,20.18,2500,20.20,2500
2025-07-24T02:20:01.9165429Z,20.17,11172,20.20,11691
2025-07-24T02:20:01.9165429Z,20.17,2152,20.21,2152
2025-07-24T02:20:01.9165429Z,20.16,9685,20.21,3383
2025-07-24T02:20:01.9165429Z,20.16,1852,20.22,1852
2025-07-24T02:20:01.9165429Z,20.15,1372,20.22,12321
2025-07-24T02:20:01.9165429Z,20.15,1594,20.23,1594
2025-07-24T02:20:01.9165429Z,20.14,1372,20.23,3697
2025-07-24T02:20:01.9165429Z,20.13,1181,20.24,1372
                                   
2025-07-24T02:20:02.9165429Z,20.19,916,20.20,5992
2025-07-24T02:20:02.9165429Z,20.19,2500,20.21,2500
2025-07-24T02:20:02.9165429Z,20.18,329,20.21,5860
2025-07-24T02:20:02.9165429Z,20.18,2152,20.22,2152
2025-07-24T02:20:02.9165429Z,20.17,17458,20.22,6088
2025-07-24T02:20:02.9165429Z,20.17,1852,20.23,1852
2025-07-24T02:20:02.9165429Z,20.16,7459,20.23,5580
2025-07-24T02:20:02.9165429Z,20.16,1594,20.24,1594
2025-07-24T02:20:02.9165429Z,20.15,2099,20.25,1372
2025-07-24T02:20:02.9165429Z,20.15,1372,20.25,3235
                                   
2025-07-24T02:20:03.9165429Z,20.20,5551,20.21,11806
2025-07-24T02:20:03.9165429Z,20.20,2500,20.22,2500
2025-07-24T02:20:03.9165429Z,20.19,1541,20.22,8741
2025-07-24T02:20:03.9165429Z,20.19,2152,20.23,2152
2025-07-24T02:20:03.9165429Z,20.18,4682,20.23,2758
2025-07-24T02:20:03.9165429Z,20.18,1852,20.24,1852
2025-07-24T02:20:03.9165429Z,20.17,7196,20.25,1594
2025-07-24T02:20:03.9165429Z,20.17,1594,20.25,3235
2025-07-24T02:20:03.9165429Z,20.16,7743,20.26,1372
2025-07-24T02:20:03.9165429Z,20.16,1372,20.27,1181
                                   
2025-07-24T02:20:04.9165429Z,20.18,2500,20.20,2456
2025-07-24T02:20:04.9165429Z,20.18,1409,20.21,3381
2025-07-24T02:20:04.9165429Z,20.17,2152,20.21,2152
2025-07-24T02:20:04.9165429Z,20.17,6138,20.22,11855
2025-07-24T02:20:04.9165429Z,20.16,1852,20.22,1852
2025-07-24T02:20:04.9165429Z,20.16,5786,20.23,5454
2025-07-24T02:20:04.9165429Z,20.15,1594,20.23,1594
2025-07-24T02:20:04.9165429Z,20.15,1372,20.24,1372
2025-07-24T02:20:04.9165429Z,20.14,1372,20.25,3235
2025-07-24T02:20:04.9165429Z,20.13,1181,20.25,1181
                                   
2025-07-24T02:20:05.9165429Z,20.17,2500,20.19,2500
2025-07-24T02:20:05.9165429Z,20.17,8671,20.20,7470
2025-07-24T02:20:05.9165429Z,20.16,2152,20.20,2152
2025-07-24T02:20:05.9165429Z,20.16,15851,20.21,4702
2025-07-24T02:20:05.9165429Z,20.15,1852,20.21,1852
2025-07-24T02:20:05.9165429Z,20.15,5141,20.22,6761
2025-07-24T02:20:05.9165429Z,20.14,1594,20.22,1594
2025-07-24T02:20:05.9165429Z,20.13,1372,20.23,2696
2025-07-24T02:20:05.9165429Z,20.12,1181,20.23,1372
2025-07-24T02:20:05.9165429Z,20.11,1016,20.24,1181
                                   
2025-07-24T02:20:06.9165429Z,20.18,3894,20.20,2500
2025-07-24T02:20:06.9165429Z,20.18,2500,20.20,25497
2025-07-24T02:20:06.9165429Z,20.17,20705,20.21,2152
2025-07-24T02:20:06.9165429Z,20.17,2152,20.21,9325
2025-07-24T02:20:06.9165429Z,20.16,18643,20.22,1852
2025-07-24T02:20:06.9165429Z,20.16,1852,20.22,5611
2025-07-24T02:20:06.9165429Z,20.15,3439,20.23,1594
2025-07-24T02:20:06.9165429Z,20.15,1594,20.23,3572
2025-07-24T02:20:06.9165429Z,20.14,1372,20.24,1372
2025-07-24T02:20:06.9165429Z,20.13,1181,20.25,1181
                                   
2025-07-24T02:20:07.9165429Z,20.16,18448,20.17,5700
2025-07-24T02:20:07.9165429Z,20.16,2500,20.18,2500
2025-07-24T02:20:07.9165429Z,20.15,14800,20.18,5074
2025-07-24T02:20:07.9165429Z,20.15,2152,20.19,2152
2025-07-24T02:20:07.9165429Z,20.14,7547,20.19,44654
2025-07-24T02:20:07.9165429Z,20.14,1852,20.20,1852
2025-07-24T02:20:07.9165429Z,20.13,1594,20.20,27730
2025-07-24T02:20:07.9165429Z,20.12,1372,20.21,1594
2025-07-24T02:20:07.9165429Z,20.11,1181,20.22,1372
2025-07-24T02:20:07.9165429Z,20.10,1016,20.22,1417
                                   
2025-07-24T02:20:08.9165429Z,20.16,8101,20.17,6562
2025-07-24T02:20:08.9165429Z,20.16,2500,20.18,2500
2025-07-24T02:20:08.9165429Z,20.15,19801,20.18,1911
2025-07-24T02:20:08.9165429Z,20.15,2152,20.19,2152
2025-07-24T02:20:08.9165429Z,20.14,10160,20.19,35379
2025-07-24T02:20:08.9165429Z,20.14,1852,20.20,1852
2025-07-24T02:20:08.9165429Z,20.13,1594,20.20,29104
2025-07-24T02:20:08.9165429Z,20.12,1372,20.21,1594
2025-07-24T02:20:08.9165429Z,20.11,1181,20.21,625
2025-07-24T02:20:08.9165429Z,20.10,1016,20.22,1372
                                   
2025-07-24T02:20:09.9165429Z,20.18,361,20.19,2214
2025-07-24T02:20:09.9165429Z,20.18,2500,20.20,2500
2025-07-24T02:20:09.9165429Z,20.17,6494,20.20,33730
2025-07-24T02:20:09.9165429Z,20.17,2152,20.21,2152
2025-07-24T02:20:09.9165429Z,20.16,9499,20.21,1202
2025-07-24T02:20:09.9165429Z,20.16,1852,20.22,1852
2025-07-24T02:20:09.9165429Z,20.15,27627,20.22,953
2025-07-24T02:20:09.9165429Z,20.15,1594,20.23,1594
2025-07-24T02:20:09.9165429Z,20.14,8685,20.23,4051
2025-07-24T02:20:09.9165429Z,20.14,1372,20.24,1372
                                   
2025-07-24T02:20:10.9165429Z,20.19,1522,20.20,5066
2025-07-24T02:20:10.9165429Z,20.19,2500,20.21,2500
2025-07-24T02:20:10.9165429Z,20.18,24883,20.21,6598
2025-07-24T02:20:10.9165429Z,20.18,2152,20.22,2152
2025-07-24T02:20:10.9165429Z,20.17,10084,20.22,24321
2025-07-24T02:20:10.9165429Z,20.17,1852,20.23,1852
2025-07-24T02:20:10.9165429Z,20.16,8351,20.23,3599
2025-07-24T02:20:10.9165429Z,20.16,1594,20.24,1594
2025-07-24T02:20:10.9165429Z,20.15,15591,20.25,1372
2025-07-24T02:20:10.9165429Z,20.15,1372,20.25,1722
                                   
2025-07-24T02:20:11.9165429Z,20.19,1817,20.21,2831
2025-07-24T02:20:11.9165429Z,20.18,35651,20.22,23766
2025-07-24T02:20:11.9165429Z,20.17,6082,20.23,10431
2025-07-24T02:20:11.9165429Z,20.16,9357,20.24,1594
2025-07-24T02:20:11.9165429Z,20.15,16963,20.25,3094
2025-07-24T02:20:11.9165429Z,20.14,4729,20.26,1181
2025-07-24T02:20:11.9165429Z,20.13,1016,20.27,1016
2025-07-24T02:20:11.9165429Z,20.12,875,20.28,875
2025-07-24T02:20:11.9165429Z,20.11,753,20.29,753
2025-07-24T02:20:11.9165429Z,20.10,648,20.30,648
                                   
2025-07-24T02:20:12.9165429Z,20.20,5175,20.21,2696
2025-07-24T02:20:12.9165429Z,20.20,2500,20.22,2500
2025-07-24T02:20:12.9165429Z,20.19,13592,20.22,27432
2025-07-24T02:20:12.9165429Z,20.19,2152,20.23,2152
2025-07-24T02:20:12.9165429Z,20.18,28333,20.23,6390
2025-07-24T02:20:12.9165429Z,20.18,1852,20.24,1852
2025-07-24T02:20:12.9165429Z,20.17,2377,20.25,1594
2025-07-24T02:20:12.9165429Z,20.17,1594,20.25,1722
2025-07-24T02:20:12.9165429Z,20.16,7763,20.26,1372
2025-07-24T02:20:12.9165429Z,20.16,1372,20.27,1181
                                   
2025-07-24T02:20:13.9165429Z,20.18,22003,20.19,344
2025-07-24T02:20:13.9165429Z,20.18,2500,20.20,2500
2025-07-24T02:20:13.9165429Z,20.17,9612,20.20,2528
2025-07-24T02:20:13.9165429Z,20.17,2152,20.21,2152
2025-07-24T02:20:13.9165429Z,20.16,8561,20.21,1369
2025-07-24T02:20:13.9165429Z,20.16,1852,20.22,1852
2025-07-24T02:20:13.9165429Z,20.15,6288,20.22,34845
2025-07-24T02:20:13.9165429Z,20.15,1594,20.23,1594
2025-07-24T02:20:13.9165429Z,20.14,1372,20.23,10868
2025-07-24T02:20:13.9165429Z,20.13,1181,20.24,1372
                                   
2025-07-24T02:20:14.9165429Z,20.17,2188,20.19,3653
2025-07-24T02:20:14.9165429Z,20.16,8653,20.20,14303
2025-07-24T02:20:14.9165429Z,20.15,8140,20.21,11758
2025-07-24T02:20:14.9165429Z,20.14,1594,20.22,17779
2025-07-24T02:20:14.9165429Z,20.13,1372,20.23,9361
2025-07-24T02:20:14.9165429Z,20.12,1181,20.24,1181
2025-07-24T02:20:14.9165429Z,20.11,1016,20.25,1016
2025-07-24T02:20:14.9165429Z,20.10,875,20.26,875
2025-07-24T02:20:14.9165429Z,20.09,753,20.27,753
2025-07-24T02:20:14.9165429Z,20.08,648,20.28,648
                                   
2025-07-24T02:20:15.9165429Z,20.16,6756,20.18,12129
2025-07-24T02:20:15.9165429Z,20.15,31811,20.19,11274
2025-07-24T02:20:15.9165429Z,20.14,1852,20.20,20573
2025-07-24T02:20:15.9165429Z,20.13,1594,20.21,8958
2025-07-24T02:20:15.9165429Z,20.12,1372,20.22,8052
2025-07-24T02:20:15.9165429Z,20.11,1181,20.23,8059
2025-07-24T02:20:15.9165429Z,20.10,1016,20.24,1016
2025-07-24T02:20:15.9165429Z,20.09,875,20.25,875
2025-07-24T02:20:15.9165429Z,20.08,753,20.26,753
2025-07-24T02:20:15.9165429Z,20.07,648,20.27,648
                                   
2025-07-24T02:20:16.9165429Z,20.17,5238,20.18,21981
2025-07-24T02:20:16.9165429Z,20.17,2500,20.19,2500
2025-07-24T02:20:16.9165429Z,20.16,469,20.19,4171
2025-07-24T02:20:16.9165429Z,20.16,2152,20.20,2152
2025-07-24T02:20:16.9165429Z,20.15,24295,20.20,16111
2025-07-24T02:20:16.9165429Z,20.15,1852,20.21,1852
2025-07-24T02:20:16.9165429Z,20.14,875,20.21,1807
2025-07-24T02:20:16.9165429Z,20.14,1594,20.22,1594
2025-07-24T02:20:16.9165429Z,20.13,486,20.22,6680
2025-07-24T02:20:16.9165429Z,20.13,1372,20.23,1372
                                   
2025-07-24T02:20:17.9165429Z,20.15,433,20.17,2524
2025-07-24T02:20:17.9165429Z,20.15,6259,20.17,2500
2025-07-24T02:20:17.9165429Z,20.14,2152,20.18,15215
2025-07-24T02:20:17.9165429Z,20.14,4714,20.18,2152
2025-07-24T02:20:17.9165429Z,20.13,1852,20.19,6885
2025-07-24T02:20:17.9165429Z,20.13,2340,20.19,1852
2025-07-24T02:20:17.9165429Z,20.12,1594,20.20,16111
2025-07-24T02:20:17.9165429Z,20.12,523,20.20,1594
2025-07-24T02:20:17.9165429Z,20.11,1372,20.21,530
2025-07-24T02:20:17.9165429Z,20.10,1181,20.21,1372
                                   
2025-07-24T02:20:18.9165429Z,20.08,2814,20.10,5972
2025-07-24T02:20:18.9165429Z,20.07,2152,20.11,4019
2025-07-24T02:20:18.9165429Z,20.06,1852,20.12,9789
2025-07-24T02:20:18.9165429Z,20.05,1594,20.13,9313
2025-07-24T02:20:18.9165429Z,20.04,1372,20.14,1617
2025-07-24T02:20:18.9165429Z,20.03,1181,20.15,1746
2025-07-24T02:20:18.9165429Z,20.02,1016,20.16,9060
2025-07-24T02:20:18.9165429Z,20.01,875,20.17,6928
2025-07-24T02:20:18.9165429Z,20.00,753,20.18,13249
2025-07-24T02:20:18.9165429Z,19.99,648,20.19,5585
                                   
2025-07-24T02:20:19.9165429Z,19.96,1577,20.00,2500
2025-07-24T02:20:19.9165429Z,19.95,1594,20.00,870
2025-07-24T02:20:19.9165429Z,19.94,1372,20.01,2152
2025-07-24T02:20:19.9165429Z,19.93,1181,20.01,3796
2025-07-24T02:20:19.9165429Z,19.92,1016,20.02,1852
2025-07-24T02:20:19.9165429Z,19.91,875,20.02,7029
2025-07-24T02:20:19.9165429Z,19.90,753,20.03,1594
2025-07-24T02:20:19.9165429Z,19.89,648,20.03,1250
2025-07-24T02:20:19.9165429Z,,,20.04,1372
2025-07-24T02:20:19.9165429Z,,,20.05,1181
                                   
2025-07-24T02:20:20.9165429Z,19.93,553,19.94,14066
2025-07-24T02:20:20.9165429Z,19.93,2500,19.95,2500
2025-07-24T02:20:20.9165429Z,19.92,8777,19.95,487
2025-07-24T02:20:20.9165429Z,19.92,2152,19.96,2152
2025-07-24T02:20:20.9165429Z,19.91,1958,19.96,1146
2025-07-24T02:20:20.9165429Z,19.91,1852,19.97,1852
2025-07-24T02:20:20.9165429Z,19.90,1594,19.97,1899
2025-07-24T02:20:20.9165429Z,19.89,1372,19.98,1594
2025-07-24T02:20:20.9165429Z,19.88,1841,19.98,6952
2025-07-24T02:20:20.9165429Z,19.88,1181,19.99,1372
                                   
2025-07-24T02:20:21.9165429Z,19.95,2689,19.97,2251
2025-07-24T02:20:21.9165429Z,19.95,2500,19.97,7220
2025-07-24T02:20:21.9165429Z,19.94,6480,19.98,2152
2025-07-24T02:20:21.9165429Z,19.94,2152,19.98,9159
2025-07-24T02:20:21.9165429Z,19.93,1852,19.99,1852
2025-07-24T02:20:21.9165429Z,19.92,3973,20.00,1594
2025-07-24T02:20:21.9165429Z,19.92,1594,20.00,469
2025-07-24T02:20:21.9165429Z,19.91,4027,20.01,1372
2025-07-24T02:20:21.9165429Z,19.91,1372,20.01,890
2025-07-24T02:20:21.9165429Z,19.90,1181,20.02,1181
                                   
2025-07-24T02:20:22.9165429Z,19.95,2500,19.97,771
2025-07-24T02:20:22.9165429Z,19.95,834,19.97,2500
2025-07-24T02:20:22.9165429Z,19.94,2152,19.98,782
2025-07-24T02:20:22.9165429Z,19.94,5593,19.98,2152
2025-07-24T02:20:22.9165429Z,19.93,1852,19.99,1752
2025-07-24T02:20:22.9165429Z,19.93,3335,19.99,1852
2025-07-24T02:20:22.9165429Z,19.92,1594,20.00,1594
2025-07-24T02:20:22.9165429Z,19.91,1372,20.01,1561
2025-07-24T02:20:22.9165429Z,19.91,4027,20.01,1372
2025-07-24T02:20:22.9165429Z,19.90,1181,20.02,572
                                   
2025-07-24T02:20:23.9165429Z,20.00,2500,20.02,260
2025-07-24T02:20:23.9165429Z,20.00,1575,20.03,3436
2025-07-24T02:20:23.9165429Z,19.99,2152,20.03,2152
2025-07-24T02:20:23.9165429Z,19.99,2995,20.04,1858
2025-07-24T02:20:23.9165429Z,19.98,1852,20.04,1852
2025-07-24T02:20:23.9165429Z,19.98,13448,20.05,1594
2025-07-24T02:20:23.9165429Z,19.97,1594,20.06,1372
2025-07-24T02:20:23.9165429Z,19.97,14126,20.07,1181
2025-07-24T02:20:23.9165429Z,19.96,1372,20.08,1016
2025-07-24T02:20:23.9165429Z,19.96,13795,20.09,631
                                   
2025-07-24T02:20:24.9165429Z,20.11,601,20.13,2500
2025-07-24T02:20:24.9165429Z,20.11,2500,20.14,2152
2025-07-24T02:20:24.9165429Z,20.10,4269,20.15,1852
2025-07-24T02:20:24.9165429Z,20.10,2152,20.16,1594
2025-07-24T02:20:24.9165429Z,20.09,1852,20.17,1372
2025-07-24T02:20:24.9165429Z,20.08,8671,20.18,1181
2025-07-24T02:20:24.9165429Z,20.08,1594,20.18,1162
2025-07-24T02:20:24.9165429Z,20.07,1559,20.19,1016
2025-07-24T02:20:24.9165429Z,20.07,1372,20.19,1597
2025-07-24T02:20:24.9165429Z,20.06,1181,20.20,875
                                   
2025-07-24T02:20:25.9165429Z,20.15,2500,20.17,2500
2025-07-24T02:20:25.9165429Z,20.14,2701,20.17,3265
2025-07-24T02:20:25.9165429Z,20.14,2152,20.18,2152
2025-07-24T02:20:25.9165429Z,20.13,15147,20.18,21461
2025-07-24T02:20:25.9165429Z,20.13,1852,20.19,1852
2025-07-24T02:20:25.9165429Z,20.12,8829,20.19,1495
2025-07-24T02:20:25.9165429Z,20.11,601,20.20,1594
2025-07-24T02:20:25.9165429Z,20.11,1372,20.21,1372
2025-07-24T02:20:25.9165429Z,20.10,2574,20.22,1181
2025-07-24T02:20:25.9165429Z,20.10,1181,20.23,1016
                                   
2025-07-24T02:20:26.9165429Z,20.15,6193,20.17,2500
2025-07-24T02:20:26.9165429Z,20.15,2500,20.17,2951
2025-07-24T02:20:26.9165429Z,20.14,6772,20.18,2152
2025-07-24T02:20:26.9165429Z,20.14,2152,20.18,19500
2025-07-24T02:20:26.9165429Z,20.13,22758,20.19,1852
2025-07-24T02:20:26.9165429Z,20.13,1852,20.19,3379
2025-07-24T02:20:26.9165429Z,20.12,6313,20.20,1594
2025-07-24T02:20:26.9165429Z,20.12,1594,20.21,1372
2025-07-24T02:20:26.9165429Z,20.11,601,20.22,1181
2025-07-24T02:20:26.9165429Z,20.11,1372,20.23,1016
                                   
2025-07-24T02:20:27.9165429Z,20.16,22185,20.17,10021
2025-07-24T02:20:27.9165429Z,20.16,2500,20.18,2500
2025-07-24T02:20:27.9165429Z,20.15,11575,20.18,10594
2025-07-24T02:20:27.9165429Z,20.15,2152,20.19,4528
2025-07-24T02:20:27.9165429Z,20.14,4580,20.20,1852
2025-07-24T02:20:27.9165429Z,20.14,1852,20.21,1594
2025-07-24T02:20:27.9165429Z,20.13,7681,20.22,1372
2025-07-24T02:20:27.9165429Z,20.13,1594,20.23,1181
2025-07-24T02:20:27.9165429Z,20.12,6313,20.23,942
2025-07-24T02:20:27.9165429Z,20.12,1372,20.24,1016
                                   
2025-07-24T02:20:28.9165429Z,20.23,6617,20.25,1946
2025-07-24T02:20:28.9165429Z,20.23,2500,20.25,2846
2025-07-24T02:20:28.9165429Z,20.22,4372,20.26,2152
2025-07-24T02:20:28.9165429Z,20.22,2152,20.27,1852
2025-07-24T02:20:28.9165429Z,20.21,2598,20.28,1594
2025-07-24T02:20:28.9165429Z,20.21,1852,20.29,1372
2025-07-24T02:20:28.9165429Z,20.20,5834,20.30,1181
2025-07-24T02:20:28.9165429Z,20.20,1594,20.31,1016
2025-07-24T02:20:28.9165429Z,20.19,3599,20.32,875
2025-07-24T02:20:28.9165429Z,20.19,1372,20.33,753
                                   
2025-07-24T02:20:29.9165429Z,20.25,12697,20.26,2642
2025-07-24T02:20:29.9165429Z,20.25,2500,20.27,2500
2025-07-24T02:20:29.9165429Z,20.24,8602,20.27,3078
2025-07-24T02:20:29.9165429Z,20.24,2152,20.28,2152
2025-07-24T02:20:29.9165429Z,20.23,7071,20.28,10537
2025-07-24T02:20:29.9165429Z,20.23,1852,20.29,1852
2025-07-24T02:20:29.9165429Z,20.22,3975,20.29,581
2025-07-24T02:20:29.9165429Z,20.22,1594,20.30,1594
2025-07-24T02:20:29.9165429Z,20.21,5057,20.31,1372
2025-07-24T02:20:29.9165429Z,20.21,1372,20.32,1181
                                   
2025-07-24T02:20:30.9165429Z,20.31,2500,20.33,2500
2025-07-24T02:20:30.9165429Z,20.31,6602,20.34,6187
2025-07-24T02:20:30.9165429Z,20.30,2152,20.34,2152
2025-07-24T02:20:30.9165429Z,20.30,2081,20.35,2265
2025-07-24T02:20:30.9165429Z,20.29,1852,20.35,1852
2025-07-24T02:20:30.9165429Z,20.29,154,20.36,1594
2025-07-24T02:20:30.9165429Z,20.28,1594,20.37,1372
2025-07-24T02:20:30.9165429Z,20.28,397,20.38,1181
2025-07-24T02:20:30.9165429Z,20.27,1372,20.39,1016
2025-07-24T02:20:30.9165429Z,20.27,20487,20.40,875
                                   
2025-07-24T02:20:31.9165429Z,20.36,1515,20.38,2500
2025-07-24T02:20:31.9165429Z,20.35,3647,20.39,2152
2025-07-24T02:20:31.9165429Z,20.35,2152,20.40,1852
2025-07-24T02:20:31.9165429Z,20.34,6099,20.41,1594
2025-07-24T02:20:31.9165429Z,20.34,1852,20.42,1372
2025-07-24T02:20:31.9165429Z,20.33,20522,20.43,1181
2025-07-24T02:20:31.9165429Z,20.33,1594,20.44,1016
2025-07-24T02:20:31.9165429Z,20.32,9342,20.45,875
2025-07-24T02:20:31.9165429Z,20.32,1372,20.46,753
2025-07-24T02:20:31.9165429Z,20.31,19737,20.47,648
                                   
2025-07-24T02:20:32.9165429Z,20.39,3975,20.40,303
2025-07-24T02:20:32.9165429Z,20.39,2500,20.41,2500
2025-07-24T02:20:32.9165429Z,20.38,5430,20.41,5051
2025-07-24T02:20:32.9165429Z,20.38,2152,20.42,2152
2025-07-24T02:20:32.9165429Z,20.37,18035,20.43,1852
2025-07-24T02:20:32.9165429Z,20.37,1852,20.44,1594
2025-07-24T02:20:32.9165429Z,20.36,10226,20.45,1372
2025-07-24T02:20:32.9165429Z,20.36,1594,20.46,1181
2025-07-24T02:20:32.9165429Z,20.35,6628,20.47,1016
2025-07-24T02:20:32.9165429Z,20.35,1372,20.48,875
                                   
2025-07-24T02:20:33.9165429Z,20.46,2987,20.48,1262
2025-07-24T02:20:33.9165429Z,20.46,2500,20.48,1951
2025-07-24T02:20:33.9165429Z,20.45,6079,20.49,2152
2025-07-24T02:20:33.9165429Z,20.45,2152,20.49,1882
2025-07-24T02:20:33.9165429Z,20.44,1952,20.50,1852
2025-07-24T02:20:33.9165429Z,20.44,1852,20.51,1594
2025-07-24T02:20:33.9165429Z,20.43,4388,20.52,1372
2025-07-24T02:20:33.9165429Z,20.43,1594,20.53,1181
2025-07-24T02:20:33.9165429Z,20.42,7783,20.54,1016
2025-07-24T02:20:33.9165429Z,20.42,1372,20.55,875
                                   
2025-07-24T02:20:34.9165429Z,20.47,27051,20.49,2006
2025-07-24T02:20:34.9165429Z,20.47,2152,20.50,2500
2025-07-24T02:20:34.9165429Z,20.46,2502,20.50,3870
2025-07-24T02:20:34.9165429Z,20.46,1852,20.51,2152
2025-07-24T02:20:34.9165429Z,20.45,2076,20.51,20840
2025-07-24T02:20:34.9165429Z,20.45,1594,20.52,1852
2025-07-24T02:20:34.9165429Z,20.44,1949,20.53,1594
2025-07-24T02:20:34.9165429Z,20.44,1372,20.54,1372
2025-07-24T02:20:34.9165429Z,20.43,4388,20.55,1181
2025-07-24T02:20:34.9165429Z,20.43,1181,20.56,1016
                                   
2025-07-24T02:20:35.9165429Z,20.45,2500,20.47,1731
2025-07-24T02:20:35.9165429Z,20.44,2152,20.47,2500
2025-07-24T02:20:35.9165429Z,20.44,5941,20.48,4091
2025-07-24T02:20:35.9165429Z,20.43,1852,20.48,2152
2025-07-24T02:20:35.9165429Z,20.43,4388,20.49,9858
2025-07-24T02:20:35.9165429Z,20.42,1594,20.49,1852
2025-07-24T02:20:35.9165429Z,20.41,1372,20.50,8336
2025-07-24T02:20:35.9165429Z,20.41,2120,20.50,1594
2025-07-24T02:20:35.9165429Z,20.40,1181,20.51,28239
2025-07-24T02:20:35.9165429Z,20.39,1016,20.51,1372
                                   
2025-07-24T02:20:36.9165429Z,20.44,1480,20.46,3459
2025-07-24T02:20:36.9165429Z,20.43,7625,20.47,12109
2025-07-24T02:20:36.9165429Z,20.42,1852,20.48,7543
2025-07-24T02:20:36.9165429Z,20.41,1594,20.49,3905
2025-07-24T02:20:36.9165429Z,20.40,1372,20.50,10276
2025-07-24T02:20:36.9165429Z,20.39,1181,20.51,30260
2025-07-24T02:20:36.9165429Z,20.38,1425,20.52,16073
2025-07-24T02:20:36.9165429Z,20.37,6093,20.53,875
2025-07-24T02:20:36.9165429Z,20.36,2164,20.54,753
2025-07-24T02:20:36.9165429Z,20.35,648,20.55,648
                                   
2025-07-24T02:20:37.9165429Z,20.41,2500,20.42,1397
2025-07-24T02:20:37.9165429Z,20.41,7482,20.43,19139
2025-07-24T02:20:37.9165429Z,20.40,2152,20.43,2500
2025-07-24T02:20:37.9165429Z,20.40,353,20.44,9927
2025-07-24T02:20:37.9165429Z,20.39,1852,20.44,2152
2025-07-24T02:20:37.9165429Z,20.39,1258,20.45,8202
2025-07-24T02:20:37.9165429Z,20.38,1594,20.45,1852
2025-07-24T02:20:37.9165429Z,20.37,1372,20.46,9751
2025-07-24T02:20:37.9165429Z,20.37,2428,20.46,1594
2025-07-24T02:20:37.9165429Z,20.36,1181,20.47,7799
                                   
2025-07-24T02:20:38.9165429Z,20.39,2773,20.40,6994
2025-07-24T02:20:38.9165429Z,20.39,2500,20.41,2500
2025-07-24T02:20:38.9165429Z,20.38,1822,20.41,16605
2025-07-24T02:20:38.9165429Z,20.38,2152,20.42,2152
2025-07-24T02:20:38.9165429Z,20.37,2428,20.42,5206
2025-07-24T02:20:38.9165429Z,20.37,1852,20.43,1852
2025-07-24T02:20:38.9165429Z,20.36,1411,20.43,23495
2025-07-24T02:20:38.9165429Z,20.36,1594,20.44,1594
2025-07-24T02:20:38.9165429Z,20.35,389,20.44,6988
2025-07-24T02:20:38.9165429Z,20.35,1372,20.45,1372
                                   
2025-07-24T02:20:39.9165429Z,20.32,2500,20.34,2480
2025-07-24T02:20:39.9165429Z,20.32,2127,20.35,2227
2025-07-24T02:20:39.9165429Z,20.31,2152,20.35,2152
2025-07-24T02:20:39.9165429Z,20.31,244,20.36,626
2025-07-24T02:20:39.9165429Z,20.30,1852,20.36,1852
2025-07-24T02:20:39.9165429Z,20.29,1594,20.37,469
2025-07-24T02:20:39.9165429Z,20.28,1372,20.37,1594
2025-07-24T02:20:39.9165429Z,20.27,1181,20.38,24334
2025-07-24T02:20:39.9165429Z,20.26,1016,20.38,1372
2025-07-24T02:20:39.9165429Z,20.25,875,20.39,3378
                                   
2025-07-24T02:20:40.9165429Z,20.26,3854,20.27,6632
2025-07-24T02:20:40.9165429Z,20.26,2500,20.28,2500
2025-07-24T02:20:40.9165429Z,20.25,448,20.28,13064
2025-07-24T02:20:40.9165429Z,20.25,2152,20.29,2152
2025-07-24T02:20:40.9165429Z,20.24,3529,20.29,27192
2025-07-24T02:20:40.9165429Z,20.24,1852,20.30,1852
2025-07-24T02:20:40.9165429Z,20.23,1594,20.30,5804
2025-07-24T02:20:40.9165429Z,20.22,1372,20.31,1594
2025-07-24T02:20:40.9165429Z,20.21,1181,20.31,8302
2025-07-24T02:20:40.9165429Z,20.20,1016,20.32,1372
                                   
2025-07-24T02:20:41.9165429Z,20.22,2500,20.24,1677
2025-07-24T02:20:41.9165429Z,20.21,2152,20.24,2500
2025-07-24T02:20:41.9165429Z,20.20,1852,20.25,4674
2025-07-24T02:20:41.9165429Z,20.19,1594,20.25,2152
2025-07-24T02:20:41.9165429Z,20.18,1372,20.26,11235
2025-07-24T02:20:41.9165429Z,20.17,1181,20.26,1852
2025-07-24T02:20:41.9165429Z,20.16,1016,20.27,14532
2025-07-24T02:20:41.9165429Z,20.15,875,20.27,1594
2025-07-24T02:20:41.9165429Z,20.14,753,20.28,27835
2025-07-24T02:20:41.9165429Z,20.13,648,20.28,1372
                                   
2025-07-24T02:20:42.9165429Z,20.11,2500,20.13,2292
2025-07-24T02:20:42.9165429Z,20.11,3277,20.13,2500
2025-07-24T02:20:42.9165429Z,20.10,2152,20.14,8805
2025-07-24T02:20:42.9165429Z,20.09,1852,20.14,2152
2025-07-24T02:20:42.9165429Z,20.08,1594,20.15,16452
2025-07-24T02:20:42.9165429Z,20.07,1372,20.15,1852
2025-07-24T02:20:42.9165429Z,20.06,1181,20.16,6198
2025-07-24T02:20:42.9165429Z,20.05,1016,20.16,1594
2025-07-24T02:20:42.9165429Z,20.04,875,20.17,476
2025-07-24T02:20:42.9165429Z,20.03,753,20.17,1372
                                   
2025-07-24T02:20:43.9165429Z,20.06,2500,20.08,2500
2025-07-24T02:20:43.9165429Z,20.05,2152,20.09,489
2025-07-24T02:20:43.9165429Z,20.04,1852,20.09,2152
2025-07-24T02:20:43.9165429Z,20.04,1914,20.10,13199
2025-07-24T02:20:43.9165429Z,20.03,1594,20.10,1852
2025-07-24T02:20:43.9165429Z,20.02,1372,20.11,7732
2025-07-24T02:20:43.9165429Z,20.01,1181,20.11,1594
2025-07-24T02:20:43.9165429Z,20.00,1016,20.12,619
2025-07-24T02:20:43.9165429Z,19.99,875,20.12,1372
2025-07-24T02:20:43.9165429Z,19.98,753,20.13,7912
                                   
2025-07-24T02:20:44.9165429Z,19.95,1380,19.97,16926
2025-07-24T02:20:44.9165429Z,19.95,2951,19.97,2500
2025-07-24T02:20:44.9165429Z,19.94,2152,19.98,8637
2025-07-24T02:20:44.9165429Z,19.93,1852,19.98,2152
2025-07-24T02:20:44.9165429Z,19.92,1594,19.99,4558
2025-07-24T02:20:44.9165429Z,19.91,1372,19.99,1852
2025-07-24T02:20:44.9165429Z,19.90,1181,20.00,3540
2025-07-24T02:20:44.9165429Z,19.89,1016,20.00,1594
2025-07-24T02:20:44.9165429Z,19.88,875,20.01,7547
2025-07-24T02:20:44.9165429Z,19.87,753,20.01,1372
                                   
2025-07-24T02:20:45.9165429Z,19.92,97,19.93,1155
2025-07-24T02:20:45.9165429Z,19.92,2500,19.94,2500
2025-07-24T02:20:45.9165429Z,19.91,2152,19.94,10444
2025-07-24T02:20:45.9165429Z,19.90,1364,19.95,2152
2025-07-24T02:20:45.9165429Z,19.90,1852,19.95,18037
2025-07-24T02:20:45.9165429Z,19.89,1594,19.96,1852
2025-07-24T02:20:45.9165429Z,19.88,1372,19.96,1428
2025-07-24T02:20:45.9165429Z,19.87,1181,19.97,1594
2025-07-24T02:20:45.9165429Z,19.86,1016,19.97,17195
2025-07-24T02:20:45.9165429Z,19.85,875,19.98,1372
                                   
2025-07-24T02:20:46.9165429Z,19.90,540,19.91,10661
2025-07-24T02:20:46.9165429Z,19.90,2500,19.92,2500
2025-07-24T02:20:46.9165429Z,19.89,3578,19.92,17359
2025-07-24T02:20:46.9165429Z,19.89,2152,19.93,2152
2025-07-24T02:20:46.9165429Z,19.88,1523,19.93,2228
2025-07-24T02:20:46.9165429Z,19.88,1852,19.94,1852
2025-07-24T02:20:46.9165429Z,19.87,879,19.94,2291
2025-07-24T02:20:46.9165429Z,19.87,1594,19.95,1594
2025-07-24T02:20:46.9165429Z,19.86,1372,19.95,14523
2025-07-24T02:20:46.9165429Z,19.85,1181,19.96,1372
                                   
2025-07-24T02:20:47.9165429Z,19.91,2500,19.93,6406
2025-07-24T02:20:47.9165429Z,19.91,5584,19.93,2500
2025-07-24T02:20:47.9165429Z,19.90,2152,19.94,1192
2025-07-24T02:20:47.9165429Z,19.90,201,19.94,2152
2025-07-24T02:20:47.9165429Z,19.89,1852,19.95,1259
2025-07-24T02:20:47.9165429Z,19.89,15420,19.95,1852
2025-07-24T02:20:47.9165429Z,19.88,1594,19.96,10372
2025-07-24T02:20:47.9165429Z,19.88,7012,19.96,1594
2025-07-24T02:20:47.9165429Z,19.87,1372,19.97,2432
2025-07-24T02:20:47.9165429Z,19.87,875,19.97,1372
                                   
2025-07-24T02:20:48.9165429Z,19.84,1405,19.86,2500
2025-07-24T02:20:48.9165429Z,19.84,2500,19.86,772
2025-07-24T02:20:48.9165429Z,19.83,163,19.87,2152
2025-07-24T02:20:48.9165429Z,19.83,2152,19.87,7540
2025-07-24T02:20:48.9165429Z,19.82,1852,19.88,1852
2025-07-24T02:20:48.9165429Z,19.81,1594,19.88,3402
2025-07-24T02:20:48.9165429Z,19.80,1372,19.89,1594
2025-07-24T02:20:48.9165429Z,19.79,1181,19.89,810
2025-07-24T02:20:48.9165429Z,19.78,1016,19.90,1372
2025-07-24T02:20:48.9165429Z,19.77,875,19.90,1032
                                   
2025-07-24T02:20:49.9165429Z,19.76,1406,19.78,272
2025-07-24T02:20:49.9165429Z,19.76,115,19.78,2500
2025-07-24T02:20:49.9165429Z,19.75,2152,19.79,6835
2025-07-24T02:20:49.9165429Z,19.74,1852,19.79,2152
2025-07-24T02:20:49.9165429Z,19.73,1594,19.80,7462
2025-07-24T02:20:49.9165429Z,19.72,1372,19.80,1852
2025-07-24T02:20:49.9165429Z,19.71,1181,19.81,8234
2025-07-24T02:20:49.9165429Z,19.70,1016,19.81,1594
2025-07-24T02:20:49.9165429Z,19.69,875,19.82,20515
2025-07-24T02:20:49.9165429Z,19.68,753,19.82,1372
                                   
2025-07-24T02:20:50.9165429Z,19.63,1764,19.65,2500
2025-07-24T02:20:50.9165429Z,19.62,2152,19.66,2152
2025-07-24T02:20:50.9165429Z,19.61,1852,19.67,1852
2025-07-24T02:20:50.9165429Z,19.60,1594,19.67,1696
2025-07-24T02:20:50.9165429Z,19.59,1372,19.68,1594
2025-07-24T02:20:50.9165429Z,19.58,1181,19.68,1641
2025-07-24T02:20:50.9165429Z,19.57,1016,19.69,1372
2025-07-24T02:20:50.9165429Z,19.56,875,19.69,2697
2025-07-24T02:20:50.9165429Z,19.55,753,19.70,1181
2025-07-24T02:20:50.9165429Z,19.54,648,19.70,15957
                                   
2025-07-24T02:20:51.9165429Z,19.61,2076,19.63,10837
2025-07-24T02:20:51.9165429Z,19.60,2695,19.64,9201
2025-07-24T02:20:51.9165429Z,19.59,2241,19.65,23239
2025-07-24T02:20:51.9165429Z,19.58,1594,19.66,10028
2025-07-24T02:20:51.9165429Z,19.57,1372,19.67,2948
2025-07-24T02:20:51.9165429Z,19.56,1181,19.68,2822
2025-07-24T02:20:51.9165429Z,19.55,1016,19.69,2864
2025-07-24T02:20:51.9165429Z,19.54,875,19.70,16832
2025-07-24T02:20:51.9165429Z,19.53,753,19.71,753
2025-07-24T02:20:51.9165429Z,19.52,648,19.72,648
                                   
2025-07-24T02:20:52.9165429Z,19.58,4656,19.59,6101
2025-07-24T02:20:52.9165429Z,19.58,2500,19.60,2500
2025-07-24T02:20:52.9165429Z,19.57,13865,19.60,3870
2025-07-24T02:20:52.9165429Z,19.57,2152,19.61,2152
2025-07-24T02:20:52.9165429Z,19.56,4283,19.61,8542
2025-07-24T02:20:52.9165429Z,19.56,1852,19.62,1852
2025-07-24T02:20:52.9165429Z,19.55,2425,19.62,10830
2025-07-24T02:20:52.9165429Z,19.55,1594,19.63,1594
2025-07-24T02:20:52.9165429Z,19.54,1372,19.64,1372
2025-07-24T02:20:52.9165429Z,19.53,1181,19.64,13059
                                   
2025-07-24T02:20:53.9165429Z,19.61,1508,19.63,2500
2025-07-24T02:20:53.9165429Z,19.61,2500,19.64,2152
2025-07-24T02:20:53.9165429Z,19.60,3615,19.64,12950
2025-07-24T02:20:53.9165429Z,19.60,2152,19.65,1852
2025-07-24T02:20:53.9165429Z,19.59,26639,19.65,1672
2025-07-24T02:20:53.9165429Z,19.59,1852,19.66,1594
2025-07-24T02:20:53.9165429Z,19.58,29643,19.66,1929
2025-07-24T02:20:53.9165429Z,19.58,1594,19.67,1372
2025-07-24T02:20:53.9165429Z,19.57,833,19.67,1379
2025-07-24T02:20:53.9165429Z,19.57,1372,19.68,1181
                                   
2025-07-24T02:20:54.9165429Z,19.67,44,19.68,2500
2025-07-24T02:20:54.9165429Z,19.66,529,19.68,1214
2025-07-24T02:20:54.9165429Z,19.66,2500,19.69,2152
2025-07-24T02:20:54.9165429Z,19.65,1815,19.69,1107
2025-07-24T02:20:54.9165429Z,19.65,2152,19.70,1852
2025-07-24T02:20:54.9165429Z,19.64,7460,19.70,13291
2025-07-24T02:20:54.9165429Z,19.64,1852,19.71,1594
2025-07-24T02:20:54.9165429Z,19.63,11864,19.72,1372
2025-07-24T02:20:54.9165429Z,19.63,1594,19.73,1181
2025-07-24T02:20:54.9165429Z,19.62,2733,19.74,1016
                                   
2025-07-24T02:20:55.9165429Z,19.76,2500,19.77,460
2025-07-24T02:20:55.9165429Z,19.76,18162,19.78,5573
2025-07-24T02:20:55.9165429Z,19.75,2152,19.78,2500
2025-07-24T02:20:55.9165429Z,19.75,51646,19.79,361
2025-07-24T02:20:55.9165429Z,19.74,1852,19.79,2152
2025-07-24T02:20:55.9165429Z,19.74,1818,19.80,1880
2025-07-24T02:20:55.9165429Z,19.73,1594,19.80,1852
2025-07-24T02:20:55.9165429Z,19.73,6121,19.81,15127
2025-07-24T02:20:55.9165429Z,19.72,1372,19.81,1594
2025-07-24T02:20:55.9165429Z,19.71,1181,19.82,1372
                                   
2025-07-24T02:20:56.9165429Z,19.81,11362,19.82,730
2025-07-24T02:20:56.9165429Z,19.81,2500,19.83,2500
2025-07-24T02:20:56.9165429Z,19.80,12199,19.84,2152
2025-07-24T02:20:56.9165429Z,19.80,2152,19.85,1852
2025-07-24T02:20:56.9165429Z,19.79,5174,19.86,1594
2025-07-24T02:20:56.9165429Z,19.79,1852,19.87,1372
2025-07-24T02:20:56.9165429Z,19.78,19660,19.88,1181
2025-07-24T02:20:56.9165429Z,19.78,1594,19.89,1016
2025-07-24T02:20:56.9165429Z,19.77,21874,19.90,875
2025-07-24T02:20:56.9165429Z,19.77,1372,19.91,753
                                   
2025-07-24T02:20:57.9165429Z,19.88,3,19.90,2500
2025-07-24T02:20:57.9165429Z,19.88,14575,19.91,2152
2025-07-24T02:20:57.9165429Z,19.87,2152,19.92,1852
2025-07-24T02:20:57.9165429Z,19.87,9223,19.93,1594
2025-07-24T02:20:57.9165429Z,19.86,1852,19.94,1372
2025-07-24T02:20:57.9165429Z,19.86,13776,19.95,1181
2025-07-24T02:20:57.9165429Z,19.85,1594,19.96,1016
2025-07-24T02:20:57.9165429Z,19.85,3614,19.97,875
2025-07-24T02:20:57.9165429Z,19.84,1372,19.98,753
2025-07-24T02:20:57.9165429Z,19.84,8327,19.99,648
                                   
2025-07-24T02:20:58.9165429Z,19.94,1637,19.96,2500
2025-07-24T02:20:58.9165429Z,19.93,2977,19.97,2152
2025-07-24T02:20:58.9165429Z,19.93,2152,19.98,1852
2025-07-24T02:20:58.9165429Z,19.92,18209,19.99,1594
2025-07-24T02:20:58.9165429Z,19.92,1852,20.00,1372
2025-07-24T02:20:58.9165429Z,19.91,21118,20.01,1181
2025-07-24T02:20:58.9165429Z,19.91,1594,20.02,1016
2025-07-24T02:20:58.9165429Z,19.90,2752,20.03,875
2025-07-24T02:20:58.9165429Z,19.90,1372,20.04,753
2025-07-24T02:20:58.9165429Z,19.89,318,20.05,648
                                   
2025-07-24T02:20:59.9165429Z,20.02,3455,20.03,4927
2025-07-24T02:20:59.9165429Z,20.02,2500,20.04,2500
2025-07-24T02:20:59.9165429Z,20.01,2846,20.05,2152
2025-07-24T02:20:59.9165429Z,20.01,2152,20.06,1852
2025-07-24T02:20:59.9165429Z,20.00,2019,20.06,3444
2025-07-24T02:20:59.9165429Z,20.00,1852,20.07,1594
2025-07-24T02:20:59.9165429Z,19.99,1210,20.08,1372
2025-07-24T02:20:59.9165429Z,19.99,1594,20.09,1181
2025-07-24T02:20:59.9165429Z,19.98,7386,20.10,1016
2025-07-24T02:20:59.9165429Z,19.98,1372,20.11,875
                                   
2025-07-24T02:21:00.9165429Z,20.03,11254,20.05,2500
2025-07-24T02:21:00.9165429Z,20.03,2500,20.05,1249
2025-07-24T02:21:00.9165429Z,20.02,13971,20.06,2152
2025-07-24T02:21:00.9165429Z,20.02,2152,20.06,6655
2025-07-24T02:21:00.9165429Z,20.01,32252,20.07,1852
2025-07-24T02:21:00.9165429Z,20.01,1852,20.07,202
2025-07-24T02:21:00.9165429Z,20.00,4097,20.08,1594
2025-07-24T02:21:00.9165429Z,20.00,1594,20.09,1372
2025-07-24T02:21:00.9165429Z,19.99,1372,20.10,1181
2025-07-24T02:21:00.9165429Z,19.98,7386,20.11,1016
                                   
2025-07-24T02:21:01.9165429Z,20.17,3750,20.18,2500
2025-07-24T02:21:01.9165429Z,20.16,2500,20.19,1341
2025-07-24T02:21:01.9165429Z,20.16,1169,20.19,2152
2025-07-24T02:21:01.9165429Z,20.15,2152,20.20,1852
2025-07-24T02:21:01.9165429Z,20.14,1852,20.21,1594
2025-07-24T02:21:01.9165429Z,20.13,1594,20.22,1372
2025-07-24T02:21:01.9165429Z,20.13,8299,20.23,1181
2025-07-24T02:21:01.9165429Z,20.12,1372,20.24,1016
2025-07-24T02:21:01.9165429Z,20.12,3850,20.25,875
2025-07-24T02:21:01.9165429Z,20.11,1181,20.26,753
                                   
2025-07-24T02:21:02.9165429Z,20.21,2500,20.23,11
2025-07-24T02:21:02.9165429Z,20.21,7101,20.24,1661
2025-07-24T02:21:02.9165429Z,20.20,2152,20.24,2152
2025-07-24T02:21:02.9165429Z,20.20,17243,20.25,1852
2025-07-24T02:21:02.9165429Z,20.19,1852,20.26,1594
2025-07-24T02:21:02.9165429Z,20.19,10849,20.27,1372
2025-07-24T02:21:02.9165429Z,20.18,1594,20.28,1181
2025-07-24T02:21:02.9165429Z,20.18,4951,20.29,1016
2025-07-24T02:21:02.9165429Z,20.17,1372,20.30,875
2025-07-24T02:21:02.9165429Z,20.17,539,20.31,753
                                   
2025-07-24T02:21:03.9165429Z,20.24,2500,20.26,933
2025-07-24T02:21:03.9165429Z,20.24,339,20.26,2500
2025-07-24T02:21:03.9165429Z,20.23,2152,20.27,1711
2025-07-24T02:21:03.9165429Z,20.23,7525,20.27,2152
2025-07-24T02:21:03.9165429Z,20.22,1852,20.28,1852
2025-07-24T02:21:03.9165429Z,20.22,33008,20.29,1594
2025-07-24T02:21:03.9165429Z,20.21,1594,20.30,1372
2025-07-24T02:21:03.9165429Z,20.21,5775,20.31,1181
2025-07-24T02:21:03.9165429Z,20.20,1372,20.32,1016
2025-07-24T02:21:03.9165429Z,20.20,7230,20.33,875
                                   
2025-07-24T02:21:04.9165429Z,20.29,151,20.31,2587
2025-07-24T02:21:04.9165429Z,20.29,10155,20.31,2500
2025-07-24T02:21:04.9165429Z,20.28,2152,20.32,870
2025-07-24T02:21:04.9165429Z,20.28,992,20.32,2152
2025-07-24T02:21:04.9165429Z,20.27,1852,20.33,1852
2025-07-24T02:21:04.9165429Z,20.27,1964,20.34,1594
2025-07-24T02:21:04.9165429Z,20.26,1594,20.35,1372
2025-07-24T02:21:04.9165429Z,20.26,1035,20.36,1181
2025-07-24T02:21:04.9165429Z,20.25,1372,20.37,1016
2025-07-24T02:21:04.9165429Z,20.25,6074,20.38,875
                                   
2025-07-24T02:21:05.9165429Z,20.29,20680,20.31,10306
2025-07-24T02:21:05.9165429Z,20.28,10132,20.32,20917
2025-07-24T02:21:05.9165429Z,20.27,3909,20.33,3446
2025-07-24T02:21:05.9165429Z,20.26,2629,20.34,1594
2025-07-24T02:21:05.9165429Z,20.25,4769,20.35,1372
2025-07-24T02:21:05.9165429Z,20.24,1181,20.36,1181
2025-07-24T02:21:05.9165429Z,20.23,1666,20.37,1016
2025-07-24T02:21:05.9165429Z,20.22,10493,20.38,875
2025-07-24T02:21:05.9165429Z,20.21,2073,20.39,753
2025-07-24T02:21:05.9165429Z,20.20,7878,20.40,648
                                   
2025-07-24T02:21:06.9165429Z,20.30,1933,20.31,2169
2025-07-24T02:21:06.9165429Z,20.30,2500,20.32,2500
2025-07-24T02:21:06.9165429Z,20.29,22771,20.32,1950
2025-07-24T02:21:06.9165429Z,20.29,2152,20.33,2152
2025-07-24T02:21:06.9165429Z,20.28,6843,20.33,2471
2025-07-24T02:21:06.9165429Z,20.28,1852,20.34,1852
2025-07-24T02:21:06.9165429Z,20.27,6198,20.34,999
2025-07-24T02:21:06.9165429Z,20.27,1594,20.35,1594
2025-07-24T02:21:06.9165429Z,20.26,760,20.35,6495
2025-07-24T02:21:06.9165429Z,20.26,1372,20.36,1372
                                   
2025-07-24T02:21:07.9165429Z,20.36,2500,20.38,2152
2025-07-24T02:21:07.9165429Z,20.36,2396,20.39,9959
2025-07-24T02:21:07.9165429Z,20.35,2152,20.39,2152
2025-07-24T02:21:07.9165429Z,20.35,1752,20.40,4366
2025-07-24T02:21:07.9165429Z,20.34,1852,20.40,1852
2025-07-24T02:21:07.9165429Z,20.34,5107,20.41,1594
2025-07-24T02:21:07.9165429Z,20.33,1594,20.42,1372
2025-07-24T02:21:07.9165429Z,20.33,5135,20.43,1181
2025-07-24T02:21:07.9165429Z,20.32,1372,20.44,1016
2025-07-24T02:21:07.9165429Z,20.32,9576,20.45,875
                                   
2025-07-24T02:21:08.9165429Z,20.37,655,20.39,1553
2025-07-24T02:21:08.9165429Z,20.37,5124,20.39,2500
2025-07-24T02:21:08.9165429Z,20.36,2152,20.40,20959
2025-07-24T02:21:08.9165429Z,20.36,2394,20.40,2152
2025-07-24T02:21:08.9165429Z,20.35,1852,20.41,6809
2025-07-24T02:21:08.9165429Z,20.35,2097,20.41,1852
2025-07-24T02:21:08.9165429Z,20.34,1594,20.42,1594
2025-07-24T02:21:08.9165429Z,20.34,261,20.43,1372
2025-07-24T02:21:08.9165429Z,20.33,1372,20.44,978
2025-07-24T02:21:08.9165429Z,20.33,790,20.44,1181
                                   
2025-07-24T02:21:09.9165429Z,20.39,1437,20.40,2500
2025-07-24T02:21:09.9165429Z,20.38,216,20.40,21509
2025-07-24T02:21:09.9165429Z,20.38,2500,20.41,2152
2025-07-24T02:21:09.9165429Z,20.37,12590,20.41,4443
2025-07-24T02:21:09.9165429Z,20.37,2152,20.42,1852
2025-07-24T02:21:09.9165429Z,20.36,45974,20.42,2220
2025-07-24T02:21:09.9165429Z,20.36,1852,20.43,1594
2025-07-24T02:21:09.9165429Z,20.35,10570,20.44,1372
2025-07-24T02:21:09.9165429Z,20.35,1594,20.45,1181
2025-07-24T02:21:09.9165429Z,20.34,2231,20.46,1016
                                   
2025-07-24T02:21:10.9165429Z,20.43,2617,20.44,2500
2025-07-24T02:21:10.9165429Z,20.42,2500,20.45,2152
2025-07-24T02:21:10.9165429Z,20.42,1203,20.46,1852
2025-07-24T02:21:10.9165429Z,20.41,10000,20.47,1594
2025-07-24T02:21:10.9165429Z,20.41,2152,20.48,1372
2025-07-24T02:21:10.9165429Z,20.41,9561,20.49,1181
2025-07-24T02:21:10.9165429Z,20.40,6065,20.50,1016
2025-07-24T02:21:10.9165429Z,20.40,1852,20.51,875
2025-07-24T02:21:10.9165429Z,20.40,874,20.52,753
2025-07-24T02:21:10.9165429Z,20.39,3679,20.53,648
                                   
2025-07-24T02:21:11.9165429Z,20.47,2500,20.49,1172
2025-07-24T02:21:11.9165429Z,20.47,7783,20.50,2970
2025-07-24T02:21:11.9165429Z,20.47,10000,20.50,2152
2025-07-24T02:21:11.9165429Z,20.46,2152,20.51,1852
2025-07-24T02:21:11.9165429Z,20.46,3060,20.52,1594
2025-07-24T02:21:11.9165429Z,20.46,6065,20.53,1372
2025-07-24T02:21:11.9165429Z,20.45,1852,20.54,1181
2025-07-24T02:21:11.9165429Z,20.45,15661,20.55,1016
2025-07-24T02:21:11.9165429Z,20.44,1594,20.56,875
2025-07-24T02:21:11.9165429Z,20.44,2040,20.57,753
                                   
2025-07-24T02:21:12.9165429Z,20.52,567,20.53,26
2025-07-24T02:21:12.9165429Z,20.52,2500,20.54,2500
2025-07-24T02:21:12.9165429Z,20.51,10000,20.54,2253
2025-07-24T02:21:12.9165429Z,20.51,1041,20.55,2152
2025-07-24T02:21:12.9165429Z,20.51,2152,20.55,257
2025-07-24T02:21:12.9165429Z,20.50,6065,20.56,1852
2025-07-24T02:21:12.9165429Z,20.50,4984,20.56,584
2025-07-24T02:21:12.9165429Z,20.50,1852,20.57,1594
2025-07-24T02:21:12.9165429Z,20.49,3679,20.58,1372
2025-07-24T02:21:12.9165429Z,20.49,10658,20.59,1181
                                   
2025-07-24T02:21:13.9165429Z,20.62,2358,20.63,3954
2025-07-24T02:21:13.9165429Z,20.62,2500,20.64,2500
2025-07-24T02:21:13.9165429Z,20.61,10000,20.64,13092
2025-07-24T02:21:13.9165429Z,20.61,2152,20.65,2152
2025-07-24T02:21:13.9165429Z,20.60,1852,20.66,1852
2025-07-24T02:21:13.9165429Z,20.59,3679,20.67,1594
2025-07-24T02:21:13.9165429Z,20.59,1594,20.68,1372
2025-07-24T02:21:13.9165429Z,20.58,2231,20.69,1181
2025-07-24T02:21:13.9165429Z,20.58,1372,20.70,1016
2025-07-24T02:21:13.9165429Z,20.57,1583,20.71,875
                                   
2025-07-24T02:21:14.9165429Z,20.60,3565,20.62,1272
2025-07-24T02:21:14.9165429Z,20.60,2500,20.63,2152
2025-07-24T02:21:14.9165429Z,20.59,10000,20.63,1921
2025-07-24T02:21:14.9165429Z,20.59,2116,20.64,1852
2025-07-24T02:21:14.9165429Z,20.59,2152,20.64,15542
2025-07-24T02:21:14.9165429Z,20.58,6065,20.65,1594
2025-07-24T02:21:14.9165429Z,20.58,1852,20.66,1372
2025-07-24T02:21:14.9165429Z,20.57,3679,20.67,1181
2025-07-24T02:21:14.9165429Z,20.57,230,20.68,1016
2025-07-24T02:21:14.9165429Z,20.57,1594,20.69,875
                                   
2025-07-24T02:21:15.9165429Z,20.62,2146,20.64,683
2025-07-24T02:21:15.9165429Z,20.62,15539,20.64,2500
2025-07-24T02:21:15.9165429Z,20.61,2152,20.65,1662
2025-07-24T02:21:15.9165429Z,20.61,11721,20.65,2152
2025-07-24T02:21:15.9165429Z,20.60,1852,20.66,1443
2025-07-24T02:21:15.9165429Z,20.60,10495,20.66,1852
2025-07-24T02:21:15.9165429Z,20.59,1594,20.67,1805
2025-07-24T02:21:15.9165429Z,20.59,4659,20.67,1594
2025-07-24T02:21:15.9165429Z,20.58,1372,20.68,1372
2025-07-24T02:21:15.9165429Z,20.58,1353,20.69,1181
                                   
2025-07-24T02:21:16.9165429Z,20.67,167,20.68,219
2025-07-24T02:21:16.9165429Z,20.66,10000,20.69,2500
2025-07-24T02:21:16.9165429Z,20.66,2152,20.69,11897
2025-07-24T02:21:16.9165429Z,20.65,6878,20.70,2152
2025-07-24T02:21:16.9165429Z,20.65,1852,20.70,29860
2025-07-24T02:21:16.9165429Z,20.64,10442,20.71,1852
2025-07-24T02:21:16.9165429Z,20.64,1594,20.72,1594
2025-07-24T02:21:16.9165429Z,20.63,12324,20.72,2955
2025-07-24T02:21:16.9165429Z,20.63,1372,20.73,1372
2025-07-24T02:21:16.9165429Z,20.62,6692,20.74,1181
                                   
2025-07-24T02:21:17.9165429Z,20.67,2667,20.68,846
2025-07-24T02:21:17.9165429Z,20.67,2500,20.69,2500
2025-07-24T02:21:17.9165429Z,20.66,10000,20.69,5958
2025-07-24T02:21:17.9165429Z,20.66,3091,20.70,2152
2025-07-24T02:21:17.9165429Z,20.66,2152,20.70,25892
2025-07-24T02:21:17.9165429Z,20.65,6065,20.71,1852
2025-07-24T02:21:17.9165429Z,20.65,3123,20.71,20852
2025-07-24T02:21:17.9165429Z,20.65,1852,20.72,1594
2025-07-24T02:21:17.9165429Z,20.64,3679,20.72,6002
2025-07-24T02:21:17.9165429Z,20.64,3954,20.73,1372
                                   
2025-07-24T02:21:18.9165429Z,20.66,1052,20.67,39476
2025-07-24T02:21:18.9165429Z,20.66,2500,20.68,2500
2025-07-24T02:21:18.9165429Z,20.65,32486,20.68,10506
2025-07-24T02:21:18.9165429Z,20.65,2152,20.69,2152
2025-07-24T02:21:18.9165429Z,20.64,8387,20.69,3192
2025-07-24T02:21:18.9165429Z,20.64,1852,20.70,1852
2025-07-24T02:21:18.9165429Z,20.63,9462,20.70,8460
2025-07-24T02:21:18.9165429Z,20.63,1594,20.71,1594
2025-07-24T02:21:18.9165429Z,20.62,4516,20.71,406
2025-07-24T02:21:18.9165429Z,20.62,1372,20.72,1372
                                   
2025-07-24T02:21:19.9165429Z,20.63,3456,20.65,6395
2025-07-24T02:21:19.9165429Z,20.62,12152,20.66,24626
2025-07-24T02:21:19.9165429Z,20.61,7917,20.67,12343
2025-07-24T02:21:19.9165429Z,20.60,8421,20.68,31138
2025-07-24T02:21:19.9165429Z,20.59,3603,20.69,1915
2025-07-24T02:21:19.9165429Z,20.58,2534,20.70,3084
2025-07-24T02:21:19.9165429Z,20.57,1016,20.71,1422
2025-07-24T02:21:19.9165429Z,20.56,875,20.72,6877
2025-07-24T02:21:19.9165429Z,20.55,753,20.73,753
2025-07-24T02:21:19.9165429Z,20.54,648,20.74,648
                                   
2025-07-24T02:21:20.9165429Z,20.60,8452,20.61,1565
2025-07-24T02:21:20.9165429Z,20.60,2500,20.62,2500
2025-07-24T02:21:20.9165429Z,20.59,11786,20.62,3125
2025-07-24T02:21:20.9165429Z,20.59,2152,20.63,2152
2025-07-24T02:21:20.9165429Z,20.58,6908,20.63,6138
2025-07-24T02:21:20.9165429Z,20.58,1852,20.64,1852
2025-07-24T02:21:20.9165429Z,20.57,3679,20.64,1316
2025-07-24T02:21:20.9165429Z,20.57,1594,20.65,1594
2025-07-24T02:21:20.9165429Z,20.56,1372,20.66,1372
2025-07-24T02:21:20.9165429Z,20.55,1181,20.66,4758
                                   
2025-07-24T02:21:21.9165429Z,20.63,2500,20.65,549
2025-07-24T02:21:21.9165429Z,20.62,10000,20.65,3370
2025-07-24T02:21:21.9165429Z,20.62,5082,20.66,2152
2025-07-24T02:21:21.9165429Z,20.62,2152,20.66,299
2025-07-24T02:21:21.9165429Z,20.61,6065,20.67,1852
2025-07-24T02:21:21.9165429Z,20.61,13276,20.67,1557
2025-07-24T02:21:21.9165429Z,20.61,1852,20.68,1594
2025-07-24T02:21:21.9165429Z,20.60,3679,20.68,8206
2025-07-24T02:21:21.9165429Z,20.60,24362,20.69,1372
2025-07-24T02:21:21.9165429Z,20.60,1594,20.69,543
                                   
2025-07-24T02:21:22.9165429Z,20.70,2081,20.71,2500
2025-07-24T02:21:22.9165429Z,20.69,14510,20.72,2152
2025-07-24T02:21:22.9165429Z,20.69,2500,20.73,1852
2025-07-24T02:21:22.9165429Z,20.68,10000,20.74,1594
2025-07-24T02:21:22.9165429Z,20.68,7204,20.75,1372
2025-07-24T02:21:22.9165429Z,20.68,2152,20.76,1181
2025-07-24T02:21:22.9165429Z,20.67,6065,20.77,1016
2025-07-24T02:21:22.9165429Z,20.67,551,20.78,875
2025-07-24T02:21:22.9165429Z,20.67,1852,20.79,753
2025-07-24T02:21:22.9165429Z,20.66,3679,20.80,648
                                   
2025-07-24T02:21:23.9165429Z,20.79,18359,20.80,2188
2025-07-24T02:21:23.9165429Z,20.79,2500,20.81,2500
2025-07-24T02:21:23.9165429Z,20.78,18743,20.82,2152
2025-07-24T02:21:23.9165429Z,20.78,2152,20.82,4198
2025-07-24T02:21:23.9165429Z,20.77,7557,20.83,1852
2025-07-24T02:21:23.9165429Z,20.77,1852,20.84,1594
2025-07-24T02:21:23.9165429Z,20.76,7645,20.85,1372
2025-07-24T02:21:23.9165429Z,20.76,1594,20.86,1181
2025-07-24T02:21:23.9165429Z,20.75,10326,20.87,1016
2025-07-24T02:21:23.9165429Z,20.75,1372,20.88,875
                                   
2025-07-24T02:21:24.9165429Z,20.88,2500,20.90,1901
2025-07-24T02:21:24.9165429Z,20.88,15224,20.91,2152
2025-07-24T02:21:24.9165429Z,20.87,2152,20.92,1852
2025-07-24T02:21:24.9165429Z,20.87,15960,20.93,1594
2025-07-24T02:21:24.9165429Z,20.86,1852,20.94,1372
2025-07-24T02:21:24.9165429Z,20.86,20717,20.95,1181
2025-07-24T02:21:24.9165429Z,20.85,1594,20.96,1016
2025-07-24T02:21:24.9165429Z,20.85,7738,20.97,875
2025-07-24T02:21:24.9165429Z,20.84,1372,20.98,753
2025-07-24T02:21:24.9165429Z,20.84,1612,20.99,648
                                   
2025-07-24T02:21:25.9165429Z,20.93,3888,20.94,2217
2025-07-24T02:21:25.9165429Z,20.93,2500,20.95,2500
2025-07-24T02:21:25.9165429Z,20.92,10000,20.96,2152
2025-07-24T02:21:25.9165429Z,20.92,4108,20.97,1852
2025-07-24T02:21:25.9165429Z,20.92,2152,20.98,1594
2025-07-24T02:21:25.9165429Z,20.91,6065,20.99,1372
2025-07-24T02:21:25.9165429Z,20.91,1126,21.00,1181
2025-07-24T02:21:25.9165429Z,20.91,1852,21.01,1016
2025-07-24T02:21:25.9165429Z,20.90,3679,21.02,875
2025-07-24T02:21:25.9165429Z,20.90,20010,21.03,753
                                   
2025-07-24T02:21:26.9165429Z,21.00,2500,21.02,362
2025-07-24T02:21:26.9165429Z,21.00,10000,21.02,2500
2025-07-24T02:21:26.9165429Z,21.00,2266,21.03,2152
2025-07-24T02:21:26.9165429Z,20.99,2152,21.04,478
2025-07-24T02:21:26.9165429Z,20.99,6065,21.04,1852
2025-07-24T02:21:26.9165429Z,20.99,9233,21.05,1594
2025-07-24T02:21:26.9165429Z,20.98,1852,21.06,1372
2025-07-24T02:21:26.9165429Z,20.98,3679,21.07,1181
2025-07-24T02:21:26.9165429Z,20.97,1594,21.08,1016
2025-07-24T02:21:26.9165429Z,20.97,2231,21.09,875
                                   
2025-07-24T02:21:27.9165429Z,21.21,7390,21.23,109
2025-07-24T02:21:27.9165429Z,21.21,2500,21.24,2152
2025-07-24T02:21:27.9165429Z,21.20,10000,21.25,1852
2025-07-24T02:21:27.9165429Z,21.20,3163,21.26,1594
2025-07-24T02:21:27.9165429Z,21.20,2152,21.27,1372
2025-07-24T02:21:27.9165429Z,21.19,6065,21.28,1181
2025-07-24T02:21:27.9165429Z,21.19,2701,21.29,1016
2025-07-24T02:21:27.9165429Z,21.19,1852,21.30,875
2025-07-24T02:21:27.9165429Z,21.18,3679,21.31,753
2025-07-24T02:21:27.9165429Z,21.18,987,21.32,648
                                   
2025-07-24T02:21:28.9165429Z,21.29,23477,21.30,230
2025-07-24T02:21:28.9165429Z,21.29,2500,21.31,2500
2025-07-24T02:21:28.9165429Z,21.28,10000,21.31,2995
2025-07-24T02:21:28.9165429Z,21.28,14743,21.32,2152
2025-07-24T02:21:28.9165429Z,21.28,2152,21.33,1852
2025-07-24T02:21:28.9165429Z,21.27,6065,21.34,1594
2025-07-24T02:21:28.9165429Z,21.27,1852,21.35,1372
2025-07-24T02:21:28.9165429Z,21.26,3679,21.36,1181
2025-07-24T02:21:28.9165429Z,21.26,6069,21.37,1016
2025-07-24T02:21:28.9165429Z,21.26,1594,21.38,875
                                   
2025-07-24T02:21:29.9165429Z,21.33,1202,21.35,531
2025-07-24T02:21:29.9165429Z,21.33,2500,21.35,1673
2025-07-24T02:21:29.9165429Z,21.32,26787,21.36,2152
2025-07-24T02:21:29.9165429Z,21.32,2152,21.36,7894
2025-07-24T02:21:29.9165429Z,21.31,13157,21.37,1852
2025-07-24T02:21:29.9165429Z,21.31,1852,21.37,663
2025-07-24T02:21:29.9165429Z,21.30,3649,21.38,1594
2025-07-24T02:21:29.9165429Z,21.30,1594,21.39,1372
2025-07-24T02:21:29.9165429Z,21.29,8067,21.40,1181
2025-07-24T02:21:29.9165429Z,21.29,1372,21.41,1016
                                   
2025-07-24T02:21:30.9165429Z,21.33,7011,21.35,2023
2025-07-24T02:21:30.9165429Z,21.33,2500,21.35,2747
2025-07-24T02:21:30.9165429Z,21.32,2152,21.36,2152
2025-07-24T02:21:30.9165429Z,21.31,13610,21.36,7889
2025-07-24T02:21:30.9165429Z,21.31,1852,21.37,1852
2025-07-24T02:21:30.9165429Z,21.30,3370,21.37,663
2025-07-24T02:21:30.9165429Z,21.30,1594,21.38,1594
2025-07-24T02:21:30.9165429Z,21.29,1274,21.39,1372
2025-07-24T02:21:30.9165429Z,21.29,1372,21.40,1181
2025-07-24T02:21:30.9165429Z,21.28,10000,21.41,1016
                                   
2025-07-24T02:21:31.9165429Z,21.30,6329,21.32,2068
2025-07-24T02:21:31.9165429Z,21.30,2500,21.32,184
2025-07-24T02:21:31.9165429Z,21.29,5702,21.33,2152
2025-07-24T02:21:31.9165429Z,21.29,2152,21.34,1852
2025-07-24T02:21:31.9165429Z,21.28,10000,21.34,950
2025-07-24T02:21:31.9165429Z,21.28,653,21.35,1594
2025-07-24T02:21:31.9165429Z,21.28,1852,21.35,1541
2025-07-24T02:21:31.9165429Z,21.27,1594,21.36,1372
2025-07-24T02:21:31.9165429Z,21.26,3679,21.36,7889
2025-07-24T02:21:31.9165429Z,21.26,741,21.37,1181
                                   
2025-07-24T02:21:32.9165429Z,21.29,1492,21.31,2500
2025-07-24T02:21:32.9165429Z,21.29,1414,21.32,15279
2025-07-24T02:21:32.9165429Z,21.28,2152,21.32,2152
2025-07-24T02:21:32.9165429Z,21.28,2394,21.33,11862
2025-07-24T02:21:32.9165429Z,21.27,1852,21.33,1852
2025-07-24T02:21:32.9165429Z,21.27,8692,21.34,11957
2025-07-24T02:21:32.9165429Z,21.26,1594,21.34,1594
2025-07-24T02:21:32.9165429Z,21.25,1372,21.35,1754
2025-07-24T02:21:32.9165429Z,21.24,1353,21.35,1372
2025-07-24T02:21:32.9165429Z,21.24,1181,21.36,530
                                   
2025-07-24T02:21:33.9165429Z,21.27,691,21.28,207
2025-07-24T02:21:33.9165429Z,21.27,2500,21.29,2500
2025-07-24T02:21:33.9165429Z,21.26,1733,21.29,12267
2025-07-24T02:21:33.9165429Z,21.26,2152,21.30,2152
2025-07-24T02:21:33.9165429Z,21.25,1852,21.30,5309
2025-07-24T02:21:33.9165429Z,21.24,2428,21.31,1852
2025-07-24T02:21:33.9165429Z,21.24,1594,21.31,23534
2025-07-24T02:21:33.9165429Z,21.23,1576,21.32,1594
2025-07-24T02:21:33.9165429Z,21.23,1372,21.32,32728
2025-07-24T02:21:33.9165429Z,21.22,1181,21.33,1372
                                   
2025-07-24T02:21:34.9165429Z,21.25,7586,21.27,1755
2025-07-24T02:21:34.9165429Z,21.25,2500,21.27,7985
2025-07-24T02:21:34.9165429Z,21.24,17422,21.28,2152
2025-07-24T02:21:34.9165429Z,21.24,2152,21.28,11560
2025-07-24T02:21:34.9165429Z,21.23,11004,21.29,1852
2025-07-24T02:21:34.9165429Z,21.23,1852,21.29,14727
2025-07-24T02:21:34.9165429Z,21.22,7887,21.30,1594
2025-07-24T02:21:34.9165429Z,21.22,1594,21.30,12510
2025-07-24T02:21:34.9165429Z,21.21,1372,21.31,1372
2025-07-24T02:21:34.9165429Z,21.20,1181,21.31,22057
                                   
2025-07-24T02:21:35.9165429Z,21.25,10132,21.26,656
2025-07-24T02:21:35.9165429Z,21.25,2500,21.27,2500
2025-07-24T02:21:35.9165429Z,21.24,19781,21.27,6460
2025-07-24T02:21:35.9165429Z,21.24,2152,21.28,2152
2025-07-24T02:21:35.9165429Z,21.23,12012,21.28,14736
2025-07-24T02:21:35.9165429Z,21.23,1852,21.29,1852
2025-07-24T02:21:35.9165429Z,21.22,4084,21.29,3471
2025-07-24T02:21:35.9165429Z,21.22,1594,21.30,1594
2025-07-24T02:21:35.9165429Z,21.21,1372,21.30,3211
2025-07-24T02:21:35.9165429Z,21.20,1181,21.31,1372
                                   
2025-07-24T02:21:36.9165429Z,21.24,2500,21.26,2500
2025-07-24T02:21:36.9165429Z,21.24,17740,21.27,9041
2025-07-24T02:21:36.9165429Z,21.23,2152,21.27,2152
2025-07-24T02:21:36.9165429Z,21.23,12440,21.28,26774
2025-07-24T02:21:36.9165429Z,21.22,1852,21.28,1852
2025-07-24T02:21:36.9165429Z,21.21,1594,21.29,1873
2025-07-24T02:21:36.9165429Z,21.20,1372,21.29,1594
2025-07-24T02:21:36.9165429Z,21.19,1181,21.30,2287
2025-07-24T02:21:36.9165429Z,21.18,1016,21.30,1372
2025-07-24T02:21:36.9165429Z,21.17,875,21.31,6855
                                   
2025-07-24T02:21:37.9165429Z,21.27,2068,21.28,27099
2025-07-24T02:21:37.9165429Z,21.27,2500,21.29,2500
2025-07-24T02:21:37.9165429Z,21.26,2152,21.29,9975
2025-07-24T02:21:37.9165429Z,21.25,3772,21.30,2152
2025-07-24T02:21:37.9165429Z,21.25,1852,21.30,2287
2025-07-24T02:21:37.9165429Z,21.24,19422,21.31,1852
2025-07-24T02:21:37.9165429Z,21.24,1594,21.31,7550
2025-07-24T02:21:37.9165429Z,21.23,12237,21.32,1594
2025-07-24T02:21:37.9165429Z,21.23,1372,21.32,12852
2025-07-24T02:21:37.9165429Z,21.22,1181,21.33,1372
                                   
2025-07-24T02:21:38.9165429Z,21.26,2385,21.27,1780
2025-07-24T02:21:38.9165429Z,21.25,3336,21.28,2500
2025-07-24T02:21:38.9165429Z,21.25,2152,21.28,28785
2025-07-24T02:21:38.9165429Z,21.24,18766,21.29,2152
2025-07-24T02:21:38.9165429Z,21.24,1852,21.29,12048
2025-07-24T02:21:38.9165429Z,21.23,7213,21.30,1852
2025-07-24T02:21:38.9165429Z,21.23,1594,21.30,494
2025-07-24T02:21:38.9165429Z,21.22,1372,21.31,1594
2025-07-24T02:21:38.9165429Z,21.21,1181,21.31,2889
2025-07-24T02:21:38.9165429Z,21.20,1016,21.32,1372
                                   
2025-07-24T02:21:39.9165429Z,21.18,133,21.19,1962
2025-07-24T02:21:39.9165429Z,21.18,2500,21.20,2500
2025-07-24T02:21:39.9165429Z,21.17,2152,21.20,3150
2025-07-24T02:21:39.9165429Z,21.15,1594,21.21,2152
2025-07-24T02:21:39.9165429Z,21.14,1372,21.21,2094
2025-07-24T02:21:39.9165429Z,21.13,1181,21.22,1852
2025-07-24T02:21:39.9165429Z,21.12,1016,21.23,1594
2025-07-24T02:21:39.9165429Z,21.11,875,21.23,21442
2025-07-24T02:21:39.9165429Z,21.10,753,21.24,1372
2025-07-24T02:21:39.9165429Z,21.09,648,21.24,7748
                                   
2025-07-24T02:21:40.9165429Z,21.10,11499,21.12,2500
2025-07-24T02:21:40.9165429Z,21.10,2500,21.12,10115
2025-07-24T02:21:40.9165429Z,21.09,475,21.13,2152
2025-07-24T02:21:40.9165429Z,21.09,2152,21.13,16243
2025-07-24T02:21:40.9165429Z,21.08,419,21.14,1852
2025-07-24T02:21:40.9165429Z,21.08,1852,21.14,199
2025-07-24T02:21:40.9165429Z,21.07,1594,21.15,1594
2025-07-24T02:21:40.9165429Z,21.06,1372,21.15,642
2025-07-24T02:21:40.9165429Z,21.04,1016,21.16,1372
2025-07-24T02:21:40.9165429Z,21.03,875,21.16,1607
                                   
2025-07-24T02:21:41.9165429Z,20.96,2500,20.98,836
2025-07-24T02:21:41.9165429Z,20.96,219,20.98,2500
2025-07-24T02:21:41.9165429Z,20.95,2152,20.99,132
2025-07-24T02:21:41.9165429Z,20.94,1852,20.99,2152
2025-07-24T02:21:41.9165429Z,20.93,1594,21.00,1852
2025-07-24T02:21:41.9165429Z,20.92,1372,21.01,582
2025-07-24T02:21:41.9165429Z,20.91,1181,21.01,1594
2025-07-24T02:21:41.9165429Z,20.90,1016,21.02,453
2025-07-24T02:21:41.9165429Z,20.89,875,21.02,1372
2025-07-24T02:21:41.9165429Z,20.88,753,21.03,8065
                                   
2025-07-24T02:21:42.9165429Z,20.97,2500,20.99,2219
2025-07-24T02:21:42.9165429Z,20.97,5043,20.99,2500
2025-07-24T02:21:42.9165429Z,20.96,2152,21.00,3236
2025-07-24T02:21:42.9165429Z,20.96,5780,21.00,2152
2025-07-24T02:21:42.9165429Z,20.95,1852,21.01,10830
2025-07-24T02:21:42.9165429Z,20.94,1594,21.01,1852
2025-07-24T02:21:42.9165429Z,20.93,1372,21.02,1653
2025-07-24T02:21:42.9165429Z,20.92,1181,21.02,1594
2025-07-24T02:21:42.9165429Z,20.91,1016,21.03,6847
2025-07-24T02:21:42.9165429Z,20.90,875,21.03,1372
                                   
2025-07-24T02:21:43.9165429Z,20.94,2179,20.95,1982
2025-07-24T02:21:43.9165429Z,20.93,2387,20.96,2500
2025-07-24T02:21:43.9165429Z,20.93,2152,20.96,25132
2025-07-24T02:21:43.9165429Z,20.92,3236,20.97,2152
2025-07-24T02:21:43.9165429Z,20.92,1852,20.97,19027
2025-07-24T02:21:43.9165429Z,20.91,4209,20.98,1852
2025-07-24T02:21:43.9165429Z,20.91,1594,20.98,733
2025-07-24T02:21:43.9165429Z,20.90,1372,20.99,1594
2025-07-24T02:21:43.9165429Z,20.89,1181,20.99,2219
2025-07-24T02:21:43.9165429Z,20.88,1016,21.00,1372
                                   
2025-07-24T02:21:44.9165429Z,20.84,622,20.88,2500
2025-07-24T02:21:44.9165429Z,20.83,1594,20.89,2152
2025-07-24T02:21:44.9165429Z,20.82,1372,20.90,1852
2025-07-24T02:21:44.9165429Z,20.81,1181,20.90,500
2025-07-24T02:21:44.9165429Z,20.80,1016,20.91,1594
2025-07-24T02:21:44.9165429Z,20.79,875,20.91,3162
2025-07-24T02:21:44.9165429Z,20.78,753,20.92,1372
2025-07-24T02:21:44.9165429Z,20.77,648,20.92,6230
2025-07-24T02:21:44.9165429Z,,,20.93,1181
2025-07-24T02:21:44.9165429Z,,,20.93,6010
                                   
2025-07-24T02:21:45.9165429Z,20.91,857,20.93,2500
2025-07-24T02:21:45.9165429Z,20.91,2500,20.93,370
2025-07-24T02:21:45.9165429Z,20.90,5046,20.94,2152
2025-07-24T02:21:45.9165429Z,20.90,2152,20.94,1907
2025-07-24T02:21:45.9165429Z,20.89,4870,20.95,1852
2025-07-24T02:21:45.9165429Z,20.89,1852,20.95,5274
2025-07-24T02:21:45.9165429Z,20.88,273,20.96,1594
2025-07-24T02:21:45.9165429Z,20.88,1594,20.96,17560
2025-07-24T02:21:45.9165429Z,20.87,5020,20.97,1372
2025-07-24T02:21:45.9165429Z,20.87,1372,20.97,2426
                                   
2025-07-24T02:21:46.9165429Z,20.94,6240,20.96,2500
2025-07-24T02:21:46.9165429Z,20.94,2500,20.96,19728
2025-07-24T02:21:46.9165429Z,20.93,1272,20.97,2152
2025-07-24T02:21:46.9165429Z,20.93,2152,20.97,1091
2025-07-24T02:21:46.9165429Z,20.92,4156,20.98,1852
2025-07-24T02:21:46.9165429Z,20.92,1852,20.98,422
2025-07-24T02:21:46.9165429Z,20.91,28304,20.99,1594
2025-07-24T02:21:46.9165429Z,20.91,1594,21.00,1372
2025-07-24T02:21:46.9165429Z,20.90,5674,21.01,1181
2025-07-24T02:21:46.9165429Z,20.90,1372,21.01,3374
                                   
2025-07-24T02:21:47.9165429Z,21.01,1602,21.03,4575
2025-07-24T02:21:47.9165429Z,21.01,7848,21.03,2500
2025-07-24T02:21:47.9165429Z,21.00,2152,21.04,2152
2025-07-24T02:21:47.9165429Z,21.00,2550,21.05,1852
2025-07-24T02:21:47.9165429Z,20.99,1852,21.06,1594
2025-07-24T02:21:47.9165429Z,20.99,1548,21.08,1181
2025-07-24T02:21:47.9165429Z,20.98,1594,21.09,1016
2025-07-24T02:21:47.9165429Z,20.98,971,21.10,875
2025-07-24T02:21:47.9165429Z,20.97,1372,21.11,753
2025-07-24T02:21:47.9165429Z,20.97,98,21.12,648
                                   
2025-07-24T02:21:48.9165429Z,21.05,622,21.06,15416
2025-07-24T02:21:48.9165429Z,21.05,2500,21.07,2500
2025-07-24T02:21:48.9165429Z,21.04,2825,21.08,2152
2025-07-24T02:21:48.9165429Z,21.04,2152,21.08,1076
2025-07-24T02:21:48.9165429Z,21.03,4865,21.09,1852
2025-07-24T02:21:48.9165429Z,21.03,1852,21.10,1594
2025-07-24T02:21:48.9165429Z,21.02,8910,21.11,1372
2025-07-24T02:21:48.9165429Z,21.02,1594,21.12,1181
2025-07-24T02:21:48.9165429Z,21.01,21341,21.13,1016
2025-07-24T02:21:48.9165429Z,21.01,1372,21.13,387
                                   
2025-07-24T02:21:49.9165429Z,21.11,444,21.13,2500
2025-07-24T02:21:49.9165429Z,21.11,2500,21.13,3208
2025-07-24T02:21:49.9165429Z,21.10,3045,21.14,2152
2025-07-24T02:21:49.9165429Z,21.10,2152,21.15,1852
2025-07-24T02:21:49.9165429Z,21.09,2152,21.16,1594
2025-07-24T02:21:49.9165429Z,21.09,1852,21.17,1372
2025-07-24T02:21:49.9165429Z,21.08,16502,21.18,1181
2025-07-24T02:21:49.9165429Z,21.08,1594,21.19,1016
2025-07-24T02:21:49.9165429Z,21.07,1214,21.20,875
2025-07-24T02:21:49.9165429Z,21.07,1372,21.21,753
                                   
2025-07-24T02:21:50.9165429Z,21.21,5207,21.22,340
2025-07-24T02:21:50.9165429Z,21.21,2500,21.23,2500
2025-07-24T02:21:50.9165429Z,21.20,675,21.24,2152
2025-07-24T02:21:50.9165429Z,21.20,2152,21.25,1852
2025-07-24T02:21:50.9165429Z,21.19,10804,21.26,1594
2025-07-24T02:21:50.9165429Z,21.19,1852,21.27,1372
2025-07-24T02:21:50.9165429Z,21.18,1685,21.28,1181
2025-07-24T02:21:50.9165429Z,21.18,1594,21.29,1016
2025-07-24T02:21:50.9165429Z,21.17,6536,21.30,875
2025-07-24T02:21:50.9165429Z,21.17,1372,21.31,753
                                   
2025-07-24T02:21:51.9165429Z,21.27,6143,21.28,813
2025-07-24T02:21:51.9165429Z,21.27,2500,21.29,2500
2025-07-24T02:21:51.9165429Z,21.26,17207,21.29,8742
2025-07-24T02:21:51.9165429Z,21.26,2152,21.30,2152
2025-07-24T02:21:51.9165429Z,21.25,8555,21.31,1852
2025-07-24T02:21:51.9165429Z,21.25,1852,21.32,1594
2025-07-24T02:21:51.9165429Z,21.24,7778,21.33,1372
2025-07-24T02:21:51.9165429Z,21.24,1594,21.34,1181
2025-07-24T02:21:51.9165429Z,21.23,1372,21.35,1016
2025-07-24T02:21:51.9165429Z,21.22,4964,21.36,875
                                   
2025-07-24T02:21:52.9165429Z,21.27,1557,21.28,794
2025-07-24T02:21:52.9165429Z,21.27,2500,21.29,2500
2025-07-24T02:21:52.9165429Z,21.26,16679,21.29,6209
2025-07-24T02:21:52.9165429Z,21.26,2152,21.30,2152
2025-07-24T02:21:52.9165429Z,21.25,16611,21.31,1852
2025-07-24T02:21:52.9165429Z,21.25,1852,21.32,1594
2025-07-24T02:21:52.9165429Z,21.24,7856,21.32,646
2025-07-24T02:21:52.9165429Z,21.24,1594,21.33,1372
2025-07-24T02:21:52.9165429Z,21.23,250,21.34,1181
2025-07-24T02:21:52.9165429Z,21.23,1372,21.35,1016
                                   
2025-07-24T02:21:53.9165429Z,21.28,4652,21.29,2500
2025-07-24T02:21:53.9165429Z,21.27,2500,21.30,1620
2025-07-24T02:21:53.9165429Z,21.27,1581,21.30,2152
2025-07-24T02:21:53.9165429Z,21.26,2152,21.31,1013
2025-07-24T02:21:53.9165429Z,21.26,19556,21.31,1852
2025-07-24T02:21:53.9165429Z,21.25,1852,21.32,9881
2025-07-24T02:21:53.9165429Z,21.25,26689,21.32,1594
2025-07-24T02:21:53.9165429Z,21.24,1594,21.33,1372
2025-07-24T02:21:53.9165429Z,21.24,870,21.34,1181
2025-07-24T02:21:53.9165429Z,21.23,1372,21.35,1016
                                   
2025-07-24T02:21:54.9165429Z,21.29,1549,21.30,29941
2025-07-24T02:21:54.9165429Z,21.29,2500,21.31,2500
2025-07-24T02:21:54.9165429Z,21.28,40187,21.31,13957
2025-07-24T02:21:54.9165429Z,21.28,2152,21.32,2152
2025-07-24T02:21:54.9165429Z,21.27,28143,21.32,11309
2025-07-24T02:21:54.9165429Z,21.27,1852,21.33,1852
2025-07-24T02:21:54.9165429Z,21.26,20967,21.33,591
2025-07-24T02:21:54.9165429Z,21.26,1594,21.34,1594
2025-07-24T02:21:54.9165429Z,21.25,12310,21.35,1372
2025-07-24T02:21:54.9165429Z,21.25,1372,21.36,1181
                                   
2025-07-24T02:21:55.9165429Z,21.29,2500,21.31,785
2025-07-24T02:21:55.9165429Z,21.29,330,21.31,2500
2025-07-24T02:21:55.9165429Z,21.28,2152,21.32,25046
2025-07-24T02:21:55.9165429Z,21.28,28939,21.32,2152
2025-07-24T02:21:55.9165429Z,21.27,1852,21.33,4692
2025-07-24T02:21:55.9165429Z,21.27,3097,21.33,1852
2025-07-24T02:21:55.9165429Z,21.26,1594,21.34,1594
2025-07-24T02:21:55.9165429Z,21.26,15046,21.35,1372
2025-07-24T02:21:55.9165429Z,21.25,1372,21.36,1181
2025-07-24T02:21:55.9165429Z,21.25,3569,21.37,1016
                                   
2025-07-24T02:21:56.9165429Z,21.35,1775,21.36,13780
2025-07-24T02:21:56.9165429Z,21.34,490,21.37,2500
2025-07-24T02:21:56.9165429Z,21.34,2152,21.37,1299
2025-07-24T02:21:56.9165429Z,21.33,2162,21.38,2152
2025-07-24T02:21:56.9165429Z,21.33,1852,21.38,893
2025-07-24T02:21:56.9165429Z,21.32,2182,21.39,1852
2025-07-24T02:21:56.9165429Z,21.32,1594,21.40,1594
2025-07-24T02:21:56.9165429Z,21.31,1372,21.41,1372
2025-07-24T02:21:56.9165429Z,21.30,21996,21.42,1181
2025-07-24T02:21:56.9165429Z,21.30,1181,21.43,1016
                                   
2025-07-24T02:21:57.9165429Z,21.34,150,21.35,196
2025-07-24T02:21:57.9165429Z,21.34,2500,21.36,2500
2025-07-24T02:21:57.9165429Z,21.33,1398,21.36,5121
2025-07-24T02:21:57.9165429Z,21.33,2152,21.37,2152
2025-07-24T02:21:57.9165429Z,21.32,3096,21.37,9098
2025-07-24T02:21:57.9165429Z,21.32,1852,21.38,1852
2025-07-24T02:21:57.9165429Z,21.31,1594,21.38,2478
2025-07-24T02:21:57.9165429Z,21.30,3284,21.39,1594
2025-07-24T02:21:57.9165429Z,21.30,1372,21.40,1372
2025-07-24T02:21:57.9165429Z,21.29,565,21.41,1181
                                   
2025-07-24T02:21:58.9165429Z,21.35,5102,21.37,98
2025-07-24T02:21:58.9165429Z,21.35,2500,21.37,6455
2025-07-24T02:21:58.9165429Z,21.34,19543,21.38,2152
2025-07-24T02:21:58.9165429Z,21.34,2152,21.38,4645
2025-07-24T02:21:58.9165429Z,21.33,7247,21.39,1852
2025-07-24T02:21:58.9165429Z,21.33,1852,21.40,1594
2025-07-24T02:21:58.9165429Z,21.32,2211,21.41,1372
2025-07-24T02:21:58.9165429Z,21.32,1594,21.42,1181
2025-07-24T02:21:58.9165429Z,21.31,1372,21.43,1016
2025-07-24T02:21:58.9165429Z,21.30,779,21.44,875
                                   
2025-07-24T02:21:59.9165429Z,21.40,1178,21.41,2500
2025-07-24T02:21:59.9165429Z,21.39,4606,21.41,497
2025-07-24T02:21:59.9165429Z,21.39,2500,21.42,2152
2025-07-24T02:21:59.9165429Z,21.38,2152,21.43,1852
2025-07-24T02:21:59.9165429Z,21.37,3031,21.44,1594
2025-07-24T02:21:59.9165429Z,21.37,1852,21.45,1372
2025-07-24T02:21:59.9165429Z,21.36,3496,21.46,1181
2025-07-24T02:21:59.9165429Z,21.36,1594,21.47,1016
2025-07-24T02:21:59.9165429Z,21.35,26596,21.48,875
2025-07-24T02:21:59.9165429Z,21.35,1372,21.49,753
                                   
2025-07-24T02:22:00.9165429Z,21.44,2164,21.46,10298
2025-07-24T02:22:00.9165429Z,21.44,3616,21.46,2500
2025-07-24T02:22:00.9165429Z,21.43,2152,21.47,10810
2025-07-24T02:22:00.9165429Z,21.43,6043,21.47,2152
2025-07-24T02:22:00.9165429Z,21.42,1852,21.48,282
2025-07-24T02:22:00.9165429Z,21.42,10094,21.48,1852
2025-07-24T02:22:00.9165429Z,21.41,1594,21.49,1594
2025-07-24T02:22:00.9165429Z,21.41,11026,21.50,1372
2025-07-24T02:22:00.9165429Z,21.40,1372,21.51,1181
2025-07-24T02:22:00.9165429Z,21.40,3563,21.52,1016
                                   
2025-07-24T02:22:01.9165429Z,21.42,11820,21.43,1655
2025-07-24T02:22:01.9165429Z,21.42,2500,21.44,2500
2025-07-24T02:22:01.9165429Z,21.41,12191,21.44,887
2025-07-24T02:22:01.9165429Z,21.41,2152,21.45,2152
2025-07-24T02:22:01.9165429Z,21.40,860,21.45,202
2025-07-24T02:22:01.9165429Z,21.40,1852,21.46,1852
2025-07-24T02:22:01.9165429Z,21.39,2027,21.46,7339
2025-07-24T02:22:01.9165429Z,21.39,1594,21.47,1594
2025-07-24T02:22:01.9165429Z,21.38,433,21.47,1830
2025-07-24T02:22:01.9165429Z,21.38,1372,21.48,1372
                                   
2025-07-24T02:22:02.9165429Z,21.39,2022,21.41,2268
2025-07-24T02:22:02.9165429Z,21.39,2500,21.41,7178
2025-07-24T02:22:02.9165429Z,21.38,3550,21.42,2152
2025-07-24T02:22:02.9165429Z,21.38,2152,21.42,7119
2025-07-24T02:22:02.9165429Z,21.37,434,21.43,1852
2025-07-24T02:22:02.9165429Z,21.37,1852,21.43,7242
2025-07-24T02:22:02.9165429Z,21.36,3496,21.44,1594
2025-07-24T02:22:02.9165429Z,21.36,1594,21.45,1372
2025-07-24T02:22:02.9165429Z,21.35,1372,21.45,797
2025-07-24T02:22:02.9165429Z,21.34,720,21.46,1181
                                   
2025-07-24T02:22:03.9165429Z,21.26,2500,21.28,7357
2025-07-24T02:22:03.9165429Z,21.25,2152,21.28,2500
2025-07-24T02:22:03.9165429Z,21.24,1852,21.29,2516
2025-07-24T02:22:03.9165429Z,21.23,1594,21.29,2152
2025-07-24T02:22:03.9165429Z,21.22,1372,21.30,5845
2025-07-24T02:22:03.9165429Z,21.21,1181,21.30,1852
2025-07-24T02:22:03.9165429Z,21.20,1016,21.31,672
2025-07-24T02:22:03.9165429Z,21.19,875,21.31,1594
2025-07-24T02:22:03.9165429Z,21.18,753,21.32,1412
2025-07-24T02:22:03.9165429Z,21.17,648,21.32,1372
                                   
2025-07-24T02:22:04.9165429Z,21.19,1617,21.20,14793
2025-07-24T02:22:04.9165429Z,21.19,2500,21.21,2500
2025-07-24T02:22:04.9165429Z,21.18,2152,21.21,3286
2025-07-24T02:22:04.9165429Z,21.17,1852,21.22,2152
2025-07-24T02:22:04.9165429Z,21.16,1594,21.22,861
2025-07-24T02:22:04.9165429Z,21.15,1372,21.23,1852
2025-07-24T02:22:04.9165429Z,21.14,1181,21.23,2810
2025-07-24T02:22:04.9165429Z,21.13,1016,21.24,1594
2025-07-24T02:22:04.9165429Z,21.12,875,21.24,3088
2025-07-24T02:22:04.9165429Z,21.11,753,21.25,1372
                                   
2025-07-24T02:22:05.9165429Z,21.19,6522,21.20,7717
2025-07-24T02:22:05.9165429Z,21.18,270,21.21,2500
2025-07-24T02:22:05.9165429Z,21.18,2152,21.21,5366
2025-07-24T02:22:05.9165429Z,21.17,1852,21.22,2152
2025-07-24T02:22:05.9165429Z,21.16,771,21.22,3303
2025-07-24T02:22:05.9165429Z,21.16,1594,21.23,1852
2025-07-24T02:22:05.9165429Z,21.15,2065,21.24,1594
2025-07-24T02:22:05.9165429Z,21.15,1372,21.25,1372
2025-07-24T02:22:05.9165429Z,21.14,1181,21.25,855
2025-07-24T02:22:05.9165429Z,21.13,1016,21.26,1181
                                   
2025-07-24T02:22:06.9165429Z,21.17,2500,21.19,627
2025-07-24T02:22:06.9165429Z,21.17,11577,21.19,2500
2025-07-24T02:22:06.9165429Z,21.16,2152,21.20,10096
2025-07-24T02:22:06.9165429Z,21.16,7308,21.20,2152
2025-07-24T02:22:06.9165429Z,21.15,1852,21.21,8049
2025-07-24T02:22:06.9165429Z,21.15,10352,21.21,1852
2025-07-24T02:22:06.9165429Z,21.14,1594,21.22,14036
2025-07-24T02:22:06.9165429Z,21.13,1372,21.22,1594
2025-07-24T02:22:06.9165429Z,21.12,1181,21.23,1372
2025-07-24T02:22:06.9165429Z,21.11,1016,21.24,1181
                                   
2025-07-24T02:22:07.9165429Z,21.10,2150,21.12,381
2025-07-24T02:22:07.9165429Z,21.10,282,21.12,2500
2025-07-24T02:22:07.9165429Z,21.09,2152,21.13,9465
2025-07-24T02:22:07.9165429Z,21.08,1852,21.13,2152
2025-07-24T02:22:07.9165429Z,21.08,522,21.14,9807
2025-07-24T02:22:07.9165429Z,21.07,1594,21.14,1852
2025-07-24T02:22:07.9165429Z,21.06,1372,21.15,6478
2025-07-24T02:22:07.9165429Z,21.05,1181,21.15,1594
2025-07-24T02:22:07.9165429Z,21.04,1016,21.16,14187
2025-07-24T02:22:07.9165429Z,21.03,875,21.16,1372
                                   
2025-07-24T02:22:08.9165429Z,21.00,5300,21.02,4053
2025-07-24T02:22:08.9165429Z,20.99,7195,21.03,5369
2025-07-24T02:22:08.9165429Z,20.98,2982,21.04,13077
2025-07-24T02:22:08.9165429Z,20.97,1594,21.05,3541
2025-07-24T02:22:08.9165429Z,20.96,1372,21.06,5168
2025-07-24T02:22:08.9165429Z,20.95,1181,21.07,5639
2025-07-24T02:22:08.9165429Z,20.94,1016,21.08,2275
2025-07-24T02:22:08.9165429Z,20.93,875,21.09,875
2025-07-24T02:22:08.9165429Z,20.92,753,21.10,753
2025-07-24T02:22:08.9165429Z,20.91,648,21.11,20111
                                   
2025-07-24T02:22:09.9165429Z,20.99,7009,21.00,465
2025-07-24T02:22:09.9165429Z,20.99,2500,21.01,2500
2025-07-24T02:22:09.9165429Z,20.98,23923,21.01,15758
2025-07-24T02:22:09.9165429Z,20.98,2152,21.02,2152
2025-07-24T02:22:09.9165429Z,20.97,6950,21.02,12116
2025-07-24T02:22:09.9165429Z,20.97,1852,21.03,1852
2025-07-24T02:22:09.9165429Z,20.96,1594,21.03,12945
2025-07-24T02:22:09.9165429Z,20.95,2231,21.04,1594
2025-07-24T02:22:09.9165429Z,20.95,1372,21.04,597
2025-07-24T02:22:09.9165429Z,20.94,1353,21.05,1372
                                   
2025-07-24T02:22:10.9165429Z,20.97,1232,20.98,5837
2025-07-24T02:22:10.9165429Z,20.97,2500,20.99,2500
2025-07-24T02:22:10.9165429Z,20.96,10000,20.99,19927
2025-07-24T02:22:10.9165429Z,20.96,3756,21.00,2152
2025-07-24T02:22:10.9165429Z,20.96,2152,21.00,6324
2025-07-24T02:22:10.9165429Z,20.95,6065,21.01,1852
2025-07-24T02:22:10.9165429Z,20.95,1852,21.01,26655
2025-07-24T02:22:10.9165429Z,20.94,3679,21.02,1594
2025-07-24T02:22:10.9165429Z,20.94,1594,21.02,10307
2025-07-24T02:22:10.9165429Z,20.93,2231,21.03,1372
                                   
2025-07-24T02:22:11.9165429Z,20.97,2500,20.99,5372
2025-07-24T02:22:11.9165429Z,20.97,26469,20.99,2500
2025-07-24T02:22:11.9165429Z,20.96,2152,21.00,3575
2025-07-24T02:22:11.9165429Z,20.96,32175,21.00,2152
2025-07-24T02:22:11.9165429Z,20.95,1852,21.01,23188
2025-07-24T02:22:11.9165429Z,20.95,3679,21.01,1852
2025-07-24T02:22:11.9165429Z,20.94,1594,21.02,7452
2025-07-24T02:22:11.9165429Z,20.94,2231,21.02,1594
2025-07-24T02:22:11.9165429Z,20.93,1372,21.03,12945
2025-07-24T02:22:11.9165429Z,20.93,1353,21.03,1372
                                   
2025-07-24T02:22:12.9165429Z,20.99,3337,21.01,2500
2025-07-24T02:22:12.9165429Z,20.99,2500,21.01,20348
2025-07-24T02:22:12.9165429Z,20.98,10000,21.02,2152
2025-07-24T02:22:12.9165429Z,20.98,938,21.02,2499
2025-07-24T02:22:12.9165429Z,20.98,2152,21.03,1852
2025-07-24T02:22:12.9165429Z,20.97,6065,21.03,467
2025-07-24T02:22:12.9165429Z,20.97,23641,21.04,1594
2025-07-24T02:22:12.9165429Z,20.97,1852,21.04,597
2025-07-24T02:22:12.9165429Z,20.96,3679,21.05,1372
2025-07-24T02:22:12.9165429Z,20.96,3783,21.06,1181
                                   
2025-07-24T02:22:13.9165429Z,21.04,3969,21.05,4155
2025-07-24T02:22:13.9165429Z,21.04,2500,21.06,2500
2025-07-24T02:22:13.9165429Z,21.03,10787,21.07,2152
2025-07-24T02:22:13.9165429Z,21.03,2152,21.08,1852
2025-07-24T02:22:13.9165429Z,21.02,6796,21.09,1594
2025-07-24T02:22:13.9165429Z,21.02,1852,21.10,1372
2025-07-24T02:22:13.9165429Z,21.01,19193,21.11,1181
2025-07-24T02:22:13.9165429Z,21.01,1594,21.12,1016
2025-07-24T02:22:13.9165429Z,21.00,2847,21.13,875
2025-07-24T02:22:13.9165429Z,21.00,1372,21.14,753
                                   
2025-07-24T02:22:14.9165429Z,21.05,27056,21.06,319
2025-07-24T02:22:14.9165429Z,21.05,2500,21.07,2500
2025-07-24T02:22:14.9165429Z,21.04,10000,21.07,3734
2025-07-24T02:22:14.9165429Z,21.04,20734,21.08,2152
2025-07-24T02:22:14.9165429Z,21.04,2152,21.08,956
2025-07-24T02:22:14.9165429Z,21.03,6065,21.09,1852
2025-07-24T02:22:14.9165429Z,21.03,7228,21.09,900
2025-07-24T02:22:14.9165429Z,21.03,1852,21.10,1594
2025-07-24T02:22:14.9165429Z,21.02,3679,21.11,1372
2025-07-24T02:22:14.9165429Z,21.02,254,21.11,3116
                                   
2025-07-24T02:22:15.9165429Z,21.04,40593,21.06,2500
2025-07-24T02:22:15.9165429Z,21.04,2500,21.06,21645
2025-07-24T02:22:15.9165429Z,21.03,15775,21.07,2152
2025-07-24T02:22:15.9165429Z,21.03,2152,21.07,450
2025-07-24T02:22:15.9165429Z,21.02,6065,21.08,1852
2025-07-24T02:22:15.9165429Z,21.02,1852,21.08,7430
2025-07-24T02:22:15.9165429Z,21.01,3679,21.09,1594
2025-07-24T02:22:15.9165429Z,21.01,1594,21.09,3958
2025-07-24T02:22:15.9165429Z,21.00,2231,21.10,1372
2025-07-24T02:22:15.9165429Z,21.00,1372,21.10,3599
                                   
2025-07-24T02:22:16.9165429Z,21.07,391,21.08,10108
2025-07-24T02:22:16.9165429Z,21.07,2500,21.09,2500
2025-07-24T02:22:16.9165429Z,21.06,17370,21.09,5149
2025-07-24T02:22:16.9165429Z,21.06,2152,21.10,2152
2025-07-24T02:22:16.9165429Z,21.05,13181,21.10,3765
2025-07-24T02:22:16.9165429Z,21.05,1852,21.11,1852
2025-07-24T02:22:16.9165429Z,21.04,40281,21.12,1594
2025-07-24T02:22:16.9165429Z,21.04,1594,21.13,1372
2025-07-24T02:22:16.9165429Z,21.03,12631,21.14,1181
2025-07-24T02:22:16.9165429Z,21.03,1372,21.15,1016
                                   
2025-07-24T02:22:17.9165429Z,21.13,2500,21.15,3747
2025-07-24T02:22:17.9165429Z,21.13,7895,21.15,2500
2025-07-24T02:22:17.9165429Z,21.12,10000,21.16,175
2025-07-24T02:22:17.9165429Z,21.12,2152,21.16,2152
2025-07-24T02:22:17.9165429Z,21.12,852,21.17,1852
2025-07-24T02:22:17.9165429Z,21.11,6065,21.18,1594
2025-07-24T02:22:17.9165429Z,21.11,1852,21.19,1372
2025-07-24T02:22:17.9165429Z,21.11,511,21.20,1181
2025-07-24T02:22:17.9165429Z,21.10,3679,21.21,1016
2025-07-24T02:22:17.9165429Z,21.10,1594,21.22,875
                                   
2025-07-24T02:22:18.9165429Z,21.16,2500,21.18,72628
2025-07-24T02:22:18.9165429Z,21.16,14284,21.18,2500
2025-07-24T02:22:18.9165429Z,21.15,2152,21.19,30773
2025-07-24T02:22:18.9165429Z,21.15,9706,21.19,2152
2025-07-24T02:22:18.9165429Z,21.14,1852,21.20,3382
2025-07-24T02:22:18.9165429Z,21.14,9749,21.20,1852
2025-07-24T02:22:18.9165429Z,21.13,1594,21.21,577
2025-07-24T02:22:18.9165429Z,21.13,20080,21.21,1594
2025-07-24T02:22:18.9165429Z,21.12,1372,21.22,1372
2025-07-24T02:22:18.9165429Z,21.12,2205,21.23,1181
                                   
2025-07-24T02:22:19.9165429Z,21.19,6503,21.20,10299
2025-07-24T02:22:19.9165429Z,21.19,2500,21.21,2500
2025-07-24T02:22:19.9165429Z,21.18,10000,21.22,2152
2025-07-24T02:22:19.9165429Z,21.18,2057,21.23,1852
2025-07-24T02:22:19.9165429Z,21.18,2152,21.24,1594
2025-07-24T02:22:19.9165429Z,21.17,6065,21.25,1372
2025-07-24T02:22:19.9165429Z,21.17,1657,21.26,1181
2025-07-24T02:22:19.9165429Z,21.17,1852,21.27,1016
2025-07-24T02:22:19.9165429Z,21.16,3679,21.28,875
2025-07-24T02:22:19.9165429Z,21.16,4511,21.29,753
                                   
2025-07-24T02:22:20.9165429Z,21.29,2500,21.31,524
2025-07-24T02:22:20.9165429Z,21.28,10000,21.32,2152
2025-07-24T02:22:20.9165429Z,21.28,2152,21.32,720
2025-07-24T02:22:20.9165429Z,21.27,12920,21.33,1852
2025-07-24T02:22:20.9165429Z,21.27,1852,21.34,1594
2025-07-24T02:22:20.9165429Z,21.26,8456,21.35,1372
2025-07-24T02:22:20.9165429Z,21.26,1594,21.36,1181
2025-07-24T02:22:20.9165429Z,21.25,6718,21.37,1016
2025-07-24T02:22:20.9165429Z,21.25,1372,21.38,875
2025-07-24T02:22:20.9165429Z,21.24,4130,21.39,753
                                   
2025-07-24T02:22:21.9165429Z,21.38,475,21.40,2297
2025-07-24T02:22:21.9165429Z,21.38,2500,21.41,2152
2025-07-24T02:22:21.9165429Z,21.37,14432,21.41,1071
2025-07-24T02:22:21.9165429Z,21.37,2152,21.42,1852
2025-07-24T02:22:21.9165429Z,21.36,6709,21.43,1594
2025-07-24T02:22:21.9165429Z,21.36,1852,21.44,1372
2025-07-24T02:22:21.9165429Z,21.35,9695,21.45,1181
2025-07-24T02:22:21.9165429Z,21.35,1594,21.46,1016
2025-07-24T02:22:21.9165429Z,21.34,4984,21.47,875
2025-07-24T02:22:21.9165429Z,21.34,1372,21.48,753
                                   
2025-07-24T02:22:22.9165429Z,21.59,10802,21.61,2292
2025-07-24T02:22:22.9165429Z,21.59,2500,21.62,2152
2025-07-24T02:22:22.9165429Z,21.58,12670,21.63,1852
2025-07-24T02:22:22.9165429Z,21.58,2152,21.64,1594
2025-07-24T02:22:22.9165429Z,21.57,6903,21.65,1372
2025-07-24T02:22:22.9165429Z,21.57,1852,21.66,1181
2025-07-24T02:22:22.9165429Z,21.56,6461,21.67,1016
2025-07-24T02:22:22.9165429Z,21.56,1594,21.68,875
2025-07-24T02:22:22.9165429Z,21.55,2687,21.69,753
2025-07-24T02:22:22.9165429Z,21.55,1372,21.70,648
                                   
2025-07-24T02:22:23.9165429Z,21.73,2257,21.74,2106
2025-07-24T02:22:23.9165429Z,21.73,2500,21.75,2500
2025-07-24T02:22:23.9165429Z,21.72,13232,21.75,4044
2025-07-24T02:22:23.9165429Z,21.72,2152,21.76,2152
2025-07-24T02:22:23.9165429Z,21.71,7194,21.77,1852
2025-07-24T02:22:23.9165429Z,21.71,1852,21.78,1594
2025-07-24T02:22:23.9165429Z,21.70,5411,21.79,1372
2025-07-24T02:22:23.9165429Z,21.70,1594,21.81,1016
2025-07-24T02:22:23.9165429Z,21.69,14030,21.82,875
2025-07-24T02:22:23.9165429Z,21.69,1372,21.83,753
                                   
2025-07-24T02:22:24.9165429Z,21.87,2500,21.89,2500
2025-07-24T02:22:24.9165429Z,21.87,10000,21.90,2152
2025-07-24T02:22:24.9165429Z,21.87,1149,21.91,1852
2025-07-24T02:22:24.9165429Z,21.86,2152,21.92,1594
2025-07-24T02:22:24.9165429Z,21.86,6065,21.93,1372
2025-07-24T02:22:24.9165429Z,21.86,1115,21.94,1181
2025-07-24T02:22:24.9165429Z,21.85,1852,21.95,1016
2025-07-24T02:22:24.9165429Z,21.85,3679,21.96,875
2025-07-24T02:22:24.9165429Z,21.85,328,21.97,753
2025-07-24T02:22:24.9165429Z,21.84,1594,21.98,648
                                   
2025-07-24T02:22:25.9165429Z,22.02,530,22.03,671
2025-07-24T02:22:25.9165429Z,22.02,10000,22.04,2500
2025-07-24T02:22:25.9165429Z,22.02,2500,22.04,3947
2025-07-24T02:22:25.9165429Z,22.01,5136,22.05,2152
2025-07-24T02:22:25.9165429Z,22.01,6065,22.06,1852
2025-07-24T02:22:25.9165429Z,22.01,2152,22.07,1594
2025-07-24T02:22:25.9165429Z,22.00,18004,22.08,1372
2025-07-24T02:22:25.9165429Z,22.00,3679,22.09,1181
2025-07-24T02:22:25.9165429Z,22.00,1852,22.10,1016
2025-07-24T02:22:25.9165429Z,21.99,1743,22.11,875
                                   
2025-07-24T02:22:26.9165429Z,22.10,6124,22.12,1519
2025-07-24T02:22:26.9165429Z,22.10,2500,22.12,4446
2025-07-24T02:22:26.9165429Z,22.09,15330,22.13,2152
2025-07-24T02:22:26.9165429Z,22.09,2152,22.13,231
2025-07-24T02:22:26.9165429Z,22.08,6316,22.14,1852
2025-07-24T02:22:26.9165429Z,22.08,1852,22.15,1594
2025-07-24T02:22:26.9165429Z,22.07,16900,22.16,1372
2025-07-24T02:22:26.9165429Z,22.07,1594,22.17,1181
2025-07-24T02:22:26.9165429Z,22.06,5793,22.18,1016
2025-07-24T02:22:26.9165429Z,22.06,1372,22.19,875
                                   
2025-07-24T02:22:27.9165429Z,22.22,1620,22.23,2500
2025-07-24T02:22:27.9165429Z,22.21,2500,22.24,2152
2025-07-24T02:22:27.9165429Z,22.21,3218,22.25,1852
2025-07-24T02:22:27.9165429Z,22.21,10000,22.26,1594
2025-07-24T02:22:27.9165429Z,22.20,2152,22.27,1372
2025-07-24T02:22:27.9165429Z,22.20,1503,22.28,1181
2025-07-24T02:22:27.9165429Z,22.20,6065,22.29,1016
2025-07-24T02:22:27.9165429Z,22.19,1852,22.30,875
2025-07-24T02:22:27.9165429Z,22.19,3679,22.31,753
2025-07-24T02:22:27.9165429Z,22.18,1594,22.32,648
                                   
2025-07-24T02:22:28.9165429Z,22.36,1721,22.38,1649
2025-07-24T02:22:28.9165429Z,22.36,10000,22.39,2152
2025-07-24T02:22:28.9165429Z,22.36,2500,22.40,1852
2025-07-24T02:22:28.9165429Z,22.35,20260,22.41,1594
2025-07-24T02:22:28.9165429Z,22.35,6065,22.42,1372
2025-07-24T02:22:28.9165429Z,22.35,2152,22.43,1181
2025-07-24T02:22:28.9165429Z,22.34,4155,22.44,1016
2025-07-24T02:22:28.9165429Z,22.34,3679,22.45,875
2025-07-24T02:22:28.9165429Z,22.34,1852,22.46,753
2025-07-24T02:22:28.9165429Z,22.33,4172,22.47,648
                                   
2025-07-24T02:22:29.9165429Z,22.48,2500,22.50,10675
2025-07-24T02:22:29.9165429Z,22.48,39,22.50,2500
2025-07-24T02:22:29.9165429Z,22.47,2152,22.51,3007
2025-07-24T02:22:29.9165429Z,22.47,1921,22.51,2152
2025-07-24T02:22:29.9165429Z,22.46,1852,22.52,1852
2025-07-24T02:22:29.9165429Z,22.46,6934,22.53,1594
2025-07-24T02:22:29.9165429Z,22.45,1594,22.54,1372
2025-07-24T02:22:29.9165429Z,22.45,2534,22.55,1181
2025-07-24T02:22:29.9165429Z,22.44,1372,22.56,1016
2025-07-24T02:22:29.9165429Z,22.44,3480,22.57,875
                                   
2025-07-24T02:22:30.9165429Z,22.51,2385,22.53,3676
2025-07-24T02:22:30.9165429Z,22.51,12167,22.53,2500
2025-07-24T02:22:30.9165429Z,22.50,2152,22.54,882
2025-07-24T02:22:30.9165429Z,22.50,10578,22.54,2152
2025-07-24T02:22:30.9165429Z,22.49,1852,22.55,1852
2025-07-24T02:22:30.9165429Z,22.49,8179,22.56,1594
2025-07-24T02:22:30.9165429Z,22.48,1594,22.57,1372
2025-07-24T02:22:30.9165429Z,22.48,2384,22.58,1181
2025-07-24T02:22:30.9165429Z,22.47,1372,22.59,1016
2025-07-24T02:22:30.9165429Z,22.47,15230,22.60,875
                                   
2025-07-24T02:22:31.9165429Z,22.56,113,22.57,4311
2025-07-24T02:22:31.9165429Z,22.56,2500,22.58,2500
2025-07-24T02:22:31.9165429Z,22.55,15374,22.58,8244
2025-07-24T02:22:31.9165429Z,22.55,2152,22.59,2152
2025-07-24T02:22:31.9165429Z,22.54,5731,22.60,1852
2025-07-24T02:22:31.9165429Z,22.54,1852,22.61,1594
2025-07-24T02:22:31.9165429Z,22.53,3529,22.62,1372
2025-07-24T02:22:31.9165429Z,22.53,1594,22.63,1181
2025-07-24T02:22:31.9165429Z,22.52,1372,22.64,1016
2025-07-24T02:22:31.9165429Z,22.51,8257,22.65,875
                                   
2025-07-24T02:22:32.9165429Z,22.55,18888,22.57,4143
2025-07-24T02:22:32.9165429Z,22.55,2152,22.58,2500
2025-07-24T02:22:32.9165429Z,22.54,14185,22.58,22107
2025-07-24T02:22:32.9165429Z,22.54,1852,22.59,2152
2025-07-24T02:22:32.9165429Z,22.53,3133,22.59,8281
2025-07-24T02:22:32.9165429Z,22.53,1594,22.60,1852
2025-07-24T02:22:32.9165429Z,22.52,433,22.60,4253
2025-07-24T02:22:32.9165429Z,22.52,1372,22.61,1594
2025-07-24T02:22:32.9165429Z,22.51,8257,22.62,1372
2025-07-24T02:22:32.9165429Z,22.51,1181,22.63,1181
                                   
2025-07-24T02:22:33.9165429Z,22.53,20595,22.54,3126
2025-07-24T02:22:33.9165429Z,22.53,2500,22.55,2500
2025-07-24T02:22:33.9165429Z,22.52,2152,22.55,16412
2025-07-24T02:22:33.9165429Z,22.51,8796,22.56,2152
2025-07-24T02:22:33.9165429Z,22.51,1852,22.56,15010
2025-07-24T02:22:33.9165429Z,22.50,1594,22.57,1852
2025-07-24T02:22:33.9165429Z,22.49,1372,22.57,19827
2025-07-24T02:22:33.9165429Z,22.48,1181,22.58,1594
2025-07-24T02:22:33.9165429Z,22.47,2184,22.58,19173
2025-07-24T02:22:33.9165429Z,22.47,1016,22.59,1372
                                   
2025-07-24T02:22:34.9165429Z,22.53,7283,22.54,644
2025-07-24T02:22:34.9165429Z,22.53,2500,22.55,2500
2025-07-24T02:22:34.9165429Z,22.52,7021,22.55,4356
2025-07-24T02:22:34.9165429Z,22.52,2152,22.56,2152
2025-07-24T02:22:34.9165429Z,22.51,11322,22.56,5293
2025-07-24T02:22:34.9165429Z,22.51,1852,22.57,1852
2025-07-24T02:22:34.9165429Z,22.50,1594,22.57,22845
2025-07-24T02:22:34.9165429Z,22.49,1372,22.58,1594
2025-07-24T02:22:34.9165429Z,22.48,1181,22.58,5751
2025-07-24T02:22:34.9165429Z,22.47,2184,22.59,1372
                                   
2025-07-24T02:22:35.9165429Z,22.55,2500,22.57,9351
2025-07-24T02:22:35.9165429Z,22.54,2152,22.57,2500
2025-07-24T02:22:35.9165429Z,22.54,9486,22.58,6482
2025-07-24T02:22:35.9165429Z,22.53,1852,22.58,2152
2025-07-24T02:22:35.9165429Z,22.53,10029,22.59,2960
2025-07-24T02:22:35.9165429Z,22.52,1594,22.59,1852
2025-07-24T02:22:35.9165429Z,22.52,9232,22.60,1594
2025-07-24T02:22:35.9165429Z,22.51,1372,22.61,1372
2025-07-24T02:22:35.9165429Z,22.51,4751,22.62,1181
2025-07-24T02:22:35.9165429Z,22.50,1181,22.63,1016
                                   
2025-07-24T02:22:36.9165429Z,22.56,3253,22.57,11313
2025-07-24T02:22:36.9165429Z,22.56,2500,22.58,2500
2025-07-24T02:22:36.9165429Z,22.55,2216,22.58,9048
2025-07-24T02:22:36.9165429Z,22.55,2152,22.59,2152
2025-07-24T02:22:36.9165429Z,22.54,9108,22.59,1821
2025-07-24T02:22:36.9165429Z,22.54,1852,22.60,1852
2025-07-24T02:22:36.9165429Z,22.53,6628,22.60,260
2025-07-24T02:22:36.9165429Z,22.53,1594,22.61,1594
2025-07-24T02:22:36.9165429Z,22.52,5609,22.61,435
2025-07-24T02:22:36.9165429Z,22.52,1372,22.62,1372
                                   
2025-07-24T02:22:37.9165429Z,22.55,2500,22.56,168
2025-07-24T02:22:37.9165429Z,22.55,12034,22.57,16680
2025-07-24T02:22:37.9165429Z,22.54,2152,22.57,2500
2025-07-24T02:22:37.9165429Z,22.54,12107,22.58,10023
2025-07-24T02:22:37.9165429Z,22.53,1852,22.58,2152
2025-07-24T02:22:37.9165429Z,22.53,6628,22.59,5292
2025-07-24T02:22:37.9165429Z,22.52,1594,22.59,1852
2025-07-24T02:22:37.9165429Z,22.52,1046,22.60,260
2025-07-24T02:22:37.9165429Z,22.51,1372,22.60,1594
2025-07-24T02:22:37.9165429Z,22.51,3509,22.61,435
                                   
2025-07-24T02:22:38.9165429Z,22.53,10778,22.54,10908
2025-07-24T02:22:38.9165429Z,22.53,2500,22.55,2500
2025-07-24T02:22:38.9165429Z,22.52,227,22.55,15040
2025-07-24T02:22:38.9165429Z,22.52,2152,22.56,2152
2025-07-24T02:22:38.9165429Z,22.51,3509,22.56,4846
2025-07-24T02:22:38.9165429Z,22.51,1852,22.57,1852
2025-07-24T02:22:38.9165429Z,22.50,55,22.57,14877
2025-07-24T02:22:38.9165429Z,22.50,1594,22.58,1594
2025-07-24T02:22:38.9165429Z,22.49,1372,22.58,12024
2025-07-24T02:22:38.9165429Z,22.48,1181,22.59,1372
                                   
2025-07-24T02:22:39.9165429Z,22.52,1814,22.53,2273
2025-07-24T02:22:39.9165429Z,22.51,7608,22.54,2500
2025-07-24T02:22:39.9165429Z,22.51,2152,22.54,4892
2025-07-24T02:22:39.9165429Z,22.50,55,22.55,2152
2025-07-24T02:22:39.9165429Z,22.50,1852,22.55,55153
2025-07-24T02:22:39.9165429Z,22.49,1594,22.56,1852
2025-07-24T02:22:39.9165429Z,22.48,1372,22.56,6461
2025-07-24T02:22:39.9165429Z,22.47,1181,22.57,1594
2025-07-24T02:22:39.9165429Z,22.46,1016,22.57,14804
2025-07-24T02:22:39.9165429Z,22.45,875,22.58,1372
                                   
2025-07-24T02:22:40.9165429Z,22.47,2500,22.49,2368
2025-07-24T02:22:40.9165429Z,22.46,2152,22.50,2381
2025-07-24T02:22:40.9165429Z,22.46,2274,22.50,2152
2025-07-24T02:22:40.9165429Z,22.45,1852,22.51,41
2025-07-24T02:22:40.9165429Z,22.44,1594,22.51,1852
2025-07-24T02:22:40.9165429Z,22.43,1372,22.52,4872
2025-07-24T02:22:40.9165429Z,22.42,1181,22.52,1594
2025-07-24T02:22:40.9165429Z,22.41,1016,22.53,1372
2025-07-24T02:22:40.9165429Z,22.40,875,22.54,5975
2025-07-24T02:22:40.9165429Z,22.39,753,22.54,1181
                                   
2025-07-24T02:22:41.9165429Z,22.46,7293,22.48,2500
2025-07-24T02:22:41.9165429Z,22.46,2500,22.48,12325
2025-07-24T02:22:41.9165429Z,22.45,27294,22.49,2152
2025-07-24T02:22:41.9165429Z,22.45,2152,22.49,27194
2025-07-24T02:22:41.9165429Z,22.44,1390,22.50,1852
2025-07-24T02:22:41.9165429Z,22.44,1852,22.50,1582
2025-07-24T02:22:41.9165429Z,22.43,2445,22.51,1594
2025-07-24T02:22:41.9165429Z,22.43,1594,22.51,266
2025-07-24T02:22:41.9165429Z,22.42,1372,22.52,1372
2025-07-24T02:22:41.9165429Z,22.41,1181,22.52,1615
                                   
2025-07-24T02:22:42.9165429Z,22.45,1519,22.47,23116
2025-07-24T02:22:42.9165429Z,22.45,2465,22.47,2500
2025-07-24T02:22:42.9165429Z,22.44,2152,22.48,12217
2025-07-24T02:22:42.9165429Z,22.44,2962,22.48,2152
2025-07-24T02:22:42.9165429Z,22.43,1852,22.49,37986
2025-07-24T02:22:42.9165429Z,22.43,3108,22.49,1852
2025-07-24T02:22:42.9165429Z,22.42,1594,22.50,876
2025-07-24T02:22:42.9165429Z,22.41,1372,22.50,1594
2025-07-24T02:22:42.9165429Z,22.40,1181,22.51,1176
2025-07-24T02:22:42.9165429Z,22.39,1016,22.51,1372
                                   
2025-07-24T02:22:43.9165429Z,22.36,2500,22.38,1714
2025-07-24T02:22:43.9165429Z,22.35,2152,22.39,1885
2025-07-24T02:22:43.9165429Z,22.35,9759,22.39,2152
2025-07-24T02:22:43.9165429Z,22.34,1852,22.40,1171
2025-07-24T02:22:43.9165429Z,22.33,1594,22.40,1852
2025-07-24T02:22:43.9165429Z,22.32,1372,22.41,1594
2025-07-24T02:22:43.9165429Z,22.31,1181,22.42,427
2025-07-24T02:22:43.9165429Z,22.30,1016,22.42,1372
2025-07-24T02:22:43.9165429Z,22.29,875,22.43,1816
2025-07-24T02:22:43.9165429Z,22.28,753,22.43,1181
                                   
2025-07-24T02:22:44.9165429Z,22.34,882,22.35,2532
2025-07-24T02:22:44.9165429Z,22.34,2500,22.36,2500
2025-07-24T02:22:44.9165429Z,22.33,1872,22.36,2979
2025-07-24T02:22:44.9165429Z,22.33,2152,22.37,2152
2025-07-24T02:22:44.9165429Z,22.32,751,22.38,1852
2025-07-24T02:22:44.9165429Z,22.32,1852,22.38,914
2025-07-24T02:22:44.9165429Z,22.31,2040,22.39,1594
2025-07-24T02:22:44.9165429Z,22.31,1594,22.40,1372
2025-07-24T02:22:44.9165429Z,22.30,1372,22.40,1171
2025-07-24T02:22:44.9165429Z,22.29,1181,22.41,1181
                                   
2025-07-24T02:22:45.9165429Z,22.40,5187,22.41,11261
2025-07-24T02:22:45.9165429Z,22.40,2500,22.42,2500
2025-07-24T02:22:45.9165429Z,22.39,2152,22.42,5165
2025-07-24T02:22:45.9165429Z,22.38,3536,22.43,2152
2025-07-24T02:22:45.9165429Z,22.38,1852,22.44,1852
2025-07-24T02:22:45.9165429Z,22.37,3222,22.45,1594
2025-07-24T02:22:45.9165429Z,22.37,1594,22.46,1372
2025-07-24T02:22:45.9165429Z,22.36,1227,22.47,1181
2025-07-24T02:22:45.9165429Z,22.36,1372,22.47,1567
2025-07-24T02:22:45.9165429Z,22.35,7899,22.48,1016
                                   
2025-07-24T02:22:46.9165429Z,22.38,7624,22.39,2208
2025-07-24T02:22:46.9165429Z,22.38,2500,22.40,2500
2025-07-24T02:22:46.9165429Z,22.37,6149,22.40,5308
2025-07-24T02:22:46.9165429Z,22.37,2152,22.41,2152
2025-07-24T02:22:46.9165429Z,22.36,255,22.41,6646
2025-07-24T02:22:46.9165429Z,22.36,1852,22.42,1852
2025-07-24T02:22:46.9165429Z,22.35,7899,22.42,12459
2025-07-24T02:22:46.9165429Z,22.35,1594,22.43,1594
2025-07-24T02:22:46.9165429Z,22.34,1372,22.43,6291
2025-07-24T02:22:46.9165429Z,22.33,1181,22.44,1372
                                   
2025-07-24T02:22:47.9165429Z,22.29,791,22.32,2500
2025-07-24T02:22:47.9165429Z,22.28,1852,22.33,2152
2025-07-24T02:22:47.9165429Z,22.27,1594,22.34,1852
2025-07-24T02:22:47.9165429Z,22.26,1372,22.35,1594
2025-07-24T02:22:47.9165429Z,22.25,1181,22.35,12720
2025-07-24T02:22:47.9165429Z,22.24,1016,22.36,1372
2025-07-24T02:22:47.9165429Z,22.23,875,22.36,2153
2025-07-24T02:22:47.9165429Z,22.22,753,22.37,1181
2025-07-24T02:22:47.9165429Z,22.21,648,22.37,338
2025-07-24T02:22:47.9165429Z,,,22.38,1016
                                   
