ts,orderId,execType,side,price,lastQty,leaves
2025-07-24T02:19:48.9165429Z,e3178559-0a55-4dea-b479-adb7d40806fe,Trade,Buy,19.99,1100,1400
2025-07-24T02:19:48.9265429Z,0ed5b4b1-ef53-4caa-a9c4-fc6989b5d210,Trade,Buy,19.99,1824,676
2025-07-24T02:19:48.9365429Z,71008a78-694f-481c-924e-6cd66e72a1fc,New,Sell,20.01,0,234
2025-07-24T02:19:48.9465429Z,e3178559-0a55-4dea-b479-adb7d40806fe,Trade,Buy,19.99,1400,0
2025-07-24T02:19:48.9465429Z,0ed5b4b1-ef53-4caa-a9c4-fc6989b5d210,Trade,Buy,19.99,676,0
2025-07-24T02:19:48.9465429Z,5280b64f-95db-487f-89cd-078806e52059,Trade,Buy,19.99,503,1321
2025-07-24T02:19:48.9565429Z,5280b64f-95db-487f-89cd-078806e52059,Trade,Buy,19.99,977,344
2025-07-24T02:19:48.9565429Z,618ab8a9-7e86-4e31-842f-15393e435228,Cancel,Buy,19.95,0,0
2025-07-24T02:19:48.9665429Z,8aaaa207-2494-44f5-9ee1-d61709e66d96,New,Sell,20.00,0,421
2025-07-24T02:19:48.9765429Z,240dede8-0669-435b-b448-00e5ee5ababb,New,Sell,20.00,0,781
2025-07-24T02:19:48.9865429Z,14793fa5-b57a-46b8-882a-07cf4baeffed,Trade,Buy,19.98,1242,1258
2025-07-24T02:19:48.9965429Z,4e4d9bd5-e282-46b9-9ee4-65640750fd00,New,Sell,20.01,0,422
2025-07-24T02:19:48.9965429Z,bfda5a00-8169-4db1-8aac-b843aec9a643,Cancel,Sell,20.01,0,0
2025-07-24T02:19:49.0065429Z,2382a0f5-5935-4870-ae54-632a9eb785b0,Trade,Buy,19.98,2035,465
2025-07-24T02:19:49.0165429Z,fef2f6ae-aa45-4187-b61f-cfc640d299be,New,Sell,20.02,0,4180
2025-07-24T02:19:49.0265429Z,8aaaa207-2494-44f5-9ee1-d61709e66d96,Trade,Sell,20.00,149,272
2025-07-24T02:19:49.0365429Z,07fc740d-d324-4155-b7a0-61ad4cdebd7a,New,Sell,20.01,0,770
2025-07-24T02:19:49.0365429Z,fc19f6e9-feef-4e83-badd-e5acb2b87ae1,Cancel,Sell,20.08,0,0
2025-07-24T02:19:49.0465429Z,641871f9-a1ca-43aa-aebc-5da3a583a980,New,Buy,19.97,0,835
2025-07-24T02:19:49.0565429Z,adb25428-2d2a-4fba-87c9-f3174df05bb9,Trade,Buy,19.98,1833,667
2025-07-24T02:19:49.0665429Z,ba3d1e44-e4e9-4d73-b764-c3319e930597,New,Sell,20.00,0,1146
2025-07-24T02:19:49.0765429Z,ad2beca1-dc5d-4161-b5ab-2ac44d7316c3,Trade,Buy,19.98,873,1627
2025-07-24T02:19:49.0865429Z,240dede8-0669-435b-b448-00e5ee5ababb,Trade,Sell,20.00,461,320
2025-07-24T02:19:49.0965429Z,8aaaa207-2494-44f5-9ee1-d61709e66d96,Trade,Sell,20.00,272,0
2025-07-24T02:19:49.0965429Z,ba3d1e44-e4e9-4d73-b764-c3319e930597,Trade,Sell,20.00,1146,0
2025-07-24T02:19:49.0965429Z,240dede8-0669-435b-b448-00e5ee5ababb,Trade,Sell,20.00,320,0
2025-07-24T02:19:49.0965429Z,2ea18c37-e8d6-428b-8c10-c59f072b88ff,Trade,Sell,20.00,264,2236
2025-07-24T02:19:49.1065429Z,c6a23d2e-dc20-4739-9dba-f760ee84bf28,Trade,Buy,19.98,2338,162
2025-07-24T02:19:49.1165429Z,2ea18c37-e8d6-428b-8c10-c59f072b88ff,Trade,Sell,20.00,2236,0
2025-07-24T02:19:49.1165429Z,fd15454d-00f1-4c9d-b655-eaca489777d3,Trade,Sell,20.00,264,0
2025-07-24T02:19:49.1165429Z,f702cfd4-27c6-410c-bba4-4cdf6337ca57,Trade,Sell,20.01,164,2336
2025-07-24T02:19:49.1265429Z,15964355-975d-4051-bbda-b772211ad560,Trade,Sell,20.01,2417,83
2025-07-24T02:19:49.1365429Z,15964355-975d-4051-bbda-b772211ad560,Trade,Sell,20.01,83,0
2025-07-24T02:19:49.1365429Z,13a34d75-b55a-462b-ad0a-15d356d900ef,Trade,Sell,20.01,2417,0
2025-07-24T02:19:49.1365429Z,71008a78-694f-481c-924e-6cd66e72a1fc,Trade,Sell,20.01,234,0
2025-07-24T02:19:49.1365429Z,4e4d9bd5-e282-46b9-9ee4-65640750fd00,Trade,Sell,20.01,347,75
2025-07-24T02:19:49.1465429Z,9f646bd2-7a82-4c30-adee-80828cf5844a,Trade,Buy,19.99,64,2436
2025-07-24T02:19:49.1565429Z,9f646bd2-7a82-4c30-adee-80828cf5844a,Trade,Buy,19.99,537,1899
2025-07-24T02:19:49.1665429Z,fbe97610-f1fb-43f1-bd65-0f1b7ea9064a,Trade,Sell,20.01,607,1893
2025-07-24T02:19:49.1765429Z,fbe97610-f1fb-43f1-bd65-0f1b7ea9064a,Trade,Sell,20.01,1893,0
2025-07-24T02:19:49.1765429Z,36966de7-b1fb-4f64-b296-8e0b7550ad98,Trade,Sell,20.01,299,308
2025-07-24T02:19:49.1865429Z,36966de7-b1fb-4f64-b296-8e0b7550ad98,Trade,Sell,20.01,308,0
2025-07-24T02:19:49.1865429Z,50ddd391-e85b-4302-a413-b2b14e1e01b7,Trade,Sell,20.01,177,2015
2025-07-24T02:19:49.1965429Z,bc9fd521-dfd1-45c4-a13f-155dbf006c89,New,Buy,19.98,0,1012
2025-07-24T02:19:49.2065429Z,c4ec6095-881d-4e6c-96b9-62e5a19a7c4c,New,Buy,19.99,0,463
2025-07-24T02:19:49.2065429Z,4e4d9bd5-e282-46b9-9ee4-65640750fd00,Cancel,Sell,20.01,0,0
2025-07-24T02:19:49.2165429Z,c4ec6095-881d-4e6c-96b9-62e5a19a7c4c,Trade,Buy,19.99,463,0
2025-07-24T02:19:49.2165429Z,b2b59c94-b17c-4f0d-9388-329ddb4898b0,Trade,Buy,19.99,1214,1286
2025-07-24T02:19:49.2265429Z,6047b3e3-31ea-48ee-be1a-677f9e38d499,Trade,Sell,20.01,2500,0
2025-07-24T02:19:49.2265429Z,07fc740d-d324-4155-b7a0-61ad4cdebd7a,Trade,Sell,20.01,770,0
2025-07-24T02:19:49.2265429Z,f702cfd4-27c6-410c-bba4-4cdf6337ca57,Trade,Sell,20.01,2336,0
2025-07-24T02:19:49.2265429Z,08483f4a-5b8c-44c1-aa34-8f1331334b9c,Trade,Sell,20.02,814,1338
2025-07-24T02:19:49.2365429Z,559c2173-95fc-4e14-931d-d0e54bb3570c,New,Sell,20.01,0,141
2025-07-24T02:19:49.2465429Z,69666bf1-d05e-41cf-bf8d-3e52359ba70f,New,Buy,19.99,0,1648
2025-07-24T02:19:49.2565429Z,559c2173-95fc-4e14-931d-d0e54bb3570c,Trade,Sell,20.01,141,0
2025-07-24T02:19:49.2565429Z,746ce1c6-1846-4c85-83a9-144dc573d9d7,Trade,Sell,20.01,2126,374
2025-07-24T02:19:49.2665429Z,eaa4e0a4-5840-4bcc-908f-73fda83392e6,New,Sell,20.00,0,404
2025-07-24T02:19:49.2765429Z,69666bf1-d05e-41cf-bf8d-3e52359ba70f,Trade,Buy,19.99,476,1172
2025-07-24T02:19:49.2765429Z,8e4b97cd-5c11-4f80-8495-e7b645eb6673,Cancel,Sell,20.09,0,0
2025-07-24T02:19:49.2865429Z,45113414-2aba-4010-b2b3-abdbb197fce4,New,Buy,19.99,0,4059
2025-07-24T02:19:49.2965429Z,eaa4e0a4-5840-4bcc-908f-73fda83392e6,Trade,Sell,20.00,404,0
2025-07-24T02:19:49.2965429Z,be9fb7b2-d857-43d6-9a37-0c18cb5935de,Trade,Sell,20.02,564,1588
2025-07-24T02:19:49.2965429Z,ca8621b1-0d48-4bf1-80d6-6ec4bd90cdc7,Cancel,Sell,20.01,0,0
2025-07-24T02:19:49.3065429Z,757926d1-88db-4ee4-8d44-41f3dc2e2b9b,New,Sell,20.01,0,2167
2025-07-24T02:19:49.3165429Z,a8c6799c-6339-47a2-a3bc-5c3f36e216f2,Trade,Buy,19.99,2500,0
2025-07-24T02:19:49.3165429Z,69666bf1-d05e-41cf-bf8d-3e52359ba70f,Trade,Buy,19.99,1172,0
2025-07-24T02:19:49.3165429Z,45113414-2aba-4010-b2b3-abdbb197fce4,Trade,Buy,19.99,203,3856
2025-07-24T02:19:49.3265429Z,757926d1-88db-4ee4-8d44-41f3dc2e2b9b,Trade,Sell,20.01,2167,0
2025-07-24T02:19:49.3265429Z,7df23652-6490-45ca-9922-e8e245554a7c,Trade,Sell,20.01,1709,791
2025-07-24T02:19:49.3365429Z,c4671d4a-3fba-4d5c-bd6a-52e8af7eeccf,New,Buy,19.98,0,655
2025-07-24T02:19:49.3465429Z,7df23652-6490-45ca-9922-e8e245554a7c,Trade,Sell,20.01,296,495
2025-07-24T02:19:49.3565429Z,c5a7593e-d9c1-463f-b9be-ea63cc5e8096,New,Buy,19.99,0,815
2025-07-24T02:19:49.3665429Z,ba7b124a-34b7-4337-bce5-3fdf0716d534,New,Buy,20.00,0,549
2025-07-24T02:19:49.3765429Z,ba7b124a-34b7-4337-bce5-3fdf0716d534,Trade,Buy,20.00,549,0
2025-07-24T02:19:49.3765429Z,b60551a2-387d-4a1e-970b-b66bea43d445,Trade,Buy,20.00,1047,1453
2025-07-24T02:19:49.3865429Z,b60551a2-387d-4a1e-970b-b66bea43d445,Trade,Buy,20.00,1453,0
2025-07-24T02:19:49.3865429Z,57da25ac-53fc-48a3-b494-d731b5358fd5,Trade,Buy,20.00,148,899
2025-07-24T02:19:49.3965429Z,d7495380-6a1b-46eb-bc68-0137323363c2,New,Sell,20.01,0,2256
2025-07-24T02:19:49.3965429Z,8dffc0ba-8cdb-4c0a-a110-bee6dd71c3be,Cancel,Buy,19.93,0,0
2025-07-24T02:19:49.4065429Z,bad26742-a675-4046-84f8-16b0eec9760e,New,Buy,19.97,0,153
2025-07-24T02:19:49.4165429Z,c8b8ac9f-b1fb-46ef-bba6-7e9d95c31dfb,New,Buy,20.00,0,1483
2025-07-24T02:19:49.4265429Z,800543c7-87cf-4bb7-b697-4ba4e6a2377a,New,Buy,20.00,0,81
2025-07-24T02:19:49.4365429Z,672294e1-948d-4ee1-8a92-2c925e1d976a,New,Buy,19.98,0,8615
2025-07-24T02:19:49.4365429Z,107b5d0d-7567-4fb4-a9e7-9eab2db6b0af,Cancel,Buy,19.97,0,0
2025-07-24T02:19:49.4465429Z,aace308f-6322-4d86-bea5-d0bf1d284507,New,Sell,20.02,0,1536
2025-07-24T02:19:49.4565429Z,0ec56d4d-b6d8-4f8e-8c2e-b1a31aa1ef32,New,Buy,20.00,0,1233
2025-07-24T02:19:49.4565429Z,e8ac9f0f-5b48-4395-961e-6b2675cc7b4c,Cancel,Sell,20.04,0,0
2025-07-24T02:19:49.4665429Z,eea5bb96-6555-45a2-bbe4-009c6f2a3d5e,New,Buy,20.00,0,3449
2025-07-24T02:19:49.4765429Z,dfed44e6-478b-4500-813f-b713c32081df,New,Sell,20.02,0,1702
2025-07-24T02:19:49.4865429Z,d7495380-6a1b-46eb-bc68-0137323363c2,Trade,Sell,20.01,208,2048
2025-07-24T02:19:49.4865429Z,8a592182-5deb-4d4d-bc00-1d0819879a0e,Cancel,Sell,20.02,0,0
2025-07-24T02:19:49.4965429Z,02ab8469-abf4-4c41-b9c1-bc118028fc19,New,Buy,20.00,0,2796
2025-07-24T02:19:49.5065429Z,0b79a3be-48a2-4a94-926f-1ec01b3a00fe,New,Buy,19.99,0,936
2025-07-24T02:19:49.5165429Z,d7495380-6a1b-46eb-bc68-0137323363c2,Trade,Sell,20.01,1172,876
2025-07-24T02:19:49.5165429Z,2eceb478-ab81-434a-a5b6-e654cd4388c3,Cancel,Buy,20.00,0,0
2025-07-24T02:19:49.5165429Z,9df4d295-cce2-4ead-bc0d-6c30a8d13056,Cancel,Sell,20.02,0,0
2025-07-24T02:19:49.5265429Z,890b7443-4a68-4fd5-8fe2-70dcf102ade1,New,Sell,20.02,0,1530
2025-07-24T02:19:49.5365429Z,c8b8ac9f-b1fb-46ef-bba6-7e9d95c31dfb,Trade,Buy,20.00,443,1040
2025-07-24T02:19:49.5465429Z,800543c7-87cf-4bb7-b697-4ba4e6a2377a,Trade,Buy,20.00,81,0
2025-07-24T02:19:49.5465429Z,0ec56d4d-b6d8-4f8e-8c2e-b1a31aa1ef32,Trade,Buy,20.00,680,553
2025-07-24T02:19:49.5565429Z,eea5bb96-6555-45a2-bbe4-009c6f2a3d5e,Trade,Buy,20.00,1586,1863
2025-07-24T02:19:49.5665429Z,d7495380-6a1b-46eb-bc68-0137323363c2,Trade,Sell,20.01,876,0
2025-07-24T02:19:49.5665429Z,a3e47438-2cb0-483e-bf05-ddc8130f7e2a,Trade,Sell,20.02,1127,1373
2025-07-24T02:19:49.5665429Z,46c84e9e-6d95-4b1f-8387-5cdc1d250019,Cancel,Buy,19.97,0,0
2025-07-24T02:19:49.5665429Z,c984b38c-352d-42f0-aef7-10a170efaac1,Cancel,Buy,19.94,0,0
2025-07-24T02:19:49.5765429Z,02ab8469-abf4-4c41-b9c1-bc118028fc19,Trade,Buy,20.00,252,2544
2025-07-24T02:19:49.5865429Z,c8b8ac9f-b1fb-46ef-bba6-7e9d95c31dfb,Trade,Buy,20.00,1040,0
2025-07-24T02:19:49.5865429Z,0ec56d4d-b6d8-4f8e-8c2e-b1a31aa1ef32,Trade,Buy,20.00,63,490
2025-07-24T02:19:49.5965429Z,eb68dc03-5eeb-45fc-ae10-ac5d65d33633,New,Sell,20.01,0,1136
2025-07-24T02:19:49.6065429Z,eea5bb96-6555-45a2-bbe4-009c6f2a3d5e,Trade,Buy,20.00,500,1363
2025-07-24T02:19:49.6165429Z,bfce8b70-9c09-4aa2-bc66-365b3b3243b9,New,Sell,20.02,0,1725
2025-07-24T02:19:49.6265429Z,162c5f79-ad13-4365-8759-90e08443d223,New,Sell,20.02,0,1523
2025-07-24T02:19:49.6365429Z,4e39bf62-ada2-4bfd-8830-c4ee88427cc7,New,Buy,19.98,0,1669
2025-07-24T02:19:49.6465429Z,eb68dc03-5eeb-45fc-ae10-ac5d65d33633,Trade,Sell,20.01,539,597
2025-07-24T02:19:49.6465429Z,8efcfe32-8622-4308-80bb-673d34284447,Cancel,Sell,20.07,0,0
2025-07-24T02:19:49.6565429Z,d5361638-5d20-4189-95bd-518124b8f9b5,New,Sell,20.02,0,1014
2025-07-24T02:19:49.6665429Z,02ab8469-abf4-4c41-b9c1-bc118028fc19,Trade,Buy,20.00,2544,0
2025-07-24T02:19:49.6665429Z,0ec56d4d-b6d8-4f8e-8c2e-b1a31aa1ef32,Trade,Buy,20.00,490,0
2025-07-24T02:19:49.6665429Z,eea5bb96-6555-45a2-bbe4-009c6f2a3d5e,Trade,Buy,20.00,90,1273
2025-07-24T02:19:49.6765429Z,eb68dc03-5eeb-45fc-ae10-ac5d65d33633,Trade,Sell,20.01,597,0
2025-07-24T02:19:49.6765429Z,9e2a2366-2f25-46de-b33d-ef1226033e87,Trade,Sell,20.02,588,1912
2025-07-24T02:19:49.6865429Z,8867ffb3-24ef-4cce-b272-826e44971b2b,New,Buy,20.00,0,8394
2025-07-24T02:19:49.6965429Z,9cd49843-3ca6-4476-887b-163c992b1bb8,New,Sell,20.02,0,2291
2025-07-24T02:19:49.7065429Z,c030469e-d201-4579-89c8-dbcaface1d7f,New,Buy,19.99,0,1215
2025-07-24T02:19:49.7165429Z,66af4275-a22d-4fbc-93a0-52faef09dbd4,Trade,Sell,20.02,890,1610
2025-07-24T02:19:49.7265429Z,96c96dad-7c2c-49f7-a040-64e1aed5bfaa,New,Sell,20.01,0,1296
2025-07-24T02:19:49.7365429Z,9320c260-85af-4ebe-a32a-a33b042972fd,New,Sell,20.01,0,3837
2025-07-24T02:19:49.7465429Z,eea5bb96-6555-45a2-bbe4-009c6f2a3d5e,Trade,Buy,20.00,1273,0
2025-07-24T02:19:49.7465429Z,8867ffb3-24ef-4cce-b272-826e44971b2b,Trade,Buy,20.00,75,8319
2025-07-24T02:19:49.7465429Z,45113414-2aba-4010-b2b3-abdbb197fce4,Cancel,Buy,19.99,0,0
2025-07-24T02:19:49.7565429Z,71292879-e12a-40ac-9ed5-f35e173ed2f6,New,Buy,19.99,0,3676
2025-07-24T02:19:49.7665429Z,96c96dad-7c2c-49f7-a040-64e1aed5bfaa,Trade,Sell,20.01,1296,0
2025-07-24T02:19:49.7665429Z,9320c260-85af-4ebe-a32a-a33b042972fd,Trade,Sell,20.01,3696,141
2025-07-24T02:19:49.7765429Z,93f4e0d0-a5c2-4e5e-9fc7-99cb830ba3a4,New,Buy,20.00,0,284
2025-07-24T02:19:49.7865429Z,189f4972-2c2c-40f7-a251-7dbc522fea7a,New,Buy,20.00,0,204
2025-07-24T02:19:49.7865429Z,bfce8b70-9c09-4aa2-bc66-365b3b3243b9,Cancel,Sell,20.02,0,0
2025-07-24T02:19:49.7965429Z,676e9bed-1435-4254-a5a4-eb36e014dd90,New,Buy,20.00,0,17567
2025-07-24T02:19:49.8065429Z,34ec5965-416c-44ef-842c-d32bcfe40608,New,Sell,20.01,0,2194
2025-07-24T02:19:49.8165429Z,175cae2b-3fc3-4925-9786-723f4206b85a,New,Buy,19.98,0,1285
2025-07-24T02:19:49.8265429Z,b986fbcd-1348-407c-a2e3-99ba9b30d4e7,New,Buy,20.00,0,946
2025-07-24T02:19:49.8365429Z,b0341b6a-6087-4dea-a4df-399d279e26e4,New,Sell,20.01,0,2529
2025-07-24T02:19:49.8465429Z,8867ffb3-24ef-4cce-b272-826e44971b2b,Trade,Buy,20.00,1726,6593
2025-07-24T02:19:49.8565429Z,9320c260-85af-4ebe-a32a-a33b042972fd,Trade,Sell,20.01,141,0
2025-07-24T02:19:49.8565429Z,34ec5965-416c-44ef-842c-d32bcfe40608,Trade,Sell,20.01,1016,1178
2025-07-24T02:19:49.8665429Z,4c06a50b-dd14-4c9d-bf18-ab59efb619b2,New,Buy,20.00,0,1155
2025-07-24T02:19:49.8765429Z,b0341b6a-6087-4dea-a4df-399d279e26e4,Trade,Sell,20.01,314,2215
2025-07-24T02:19:49.8865429Z,4e714100-bef4-4d07-ae47-bfe572ab9b0c,New,Sell,20.02,0,2455
2025-07-24T02:19:49.8865429Z,0b79a3be-48a2-4a94-926f-1ec01b3a00fe,Cancel,Buy,19.99,0,0
2025-07-24T02:19:49.8965429Z,ca73d537-0d69-468e-bf11-2facb5e96ebf,New,Buy,20.00,0,1014
2025-07-24T02:19:49.8965429Z,fef2f6ae-aa45-4187-b61f-cfc640d299be,Cancel,Sell,20.02,0,0
2025-07-24T02:19:49.9065429Z,ed4f3659-e688-4ad6-abbe-6853b2d59c7b,New,Buy,20.00,0,655
2025-07-24T02:19:49.9165429Z,db78143c-5742-4e05-b5de-a9867261f4e0,New,Sell,20.01,0,15134
2025-07-24T02:19:49.9265429Z,34ec5965-416c-44ef-842c-d32bcfe40608,Trade,Sell,20.01,566,612
2025-07-24T02:19:49.9265429Z,487a7749-c29e-4379-9fcf-256bb6d08a8f,Cancel,Sell,20.05,0,0
2025-07-24T02:19:49.9265429Z,1485f4cd-cd07-4526-8875-81dcd7efc923,Cancel,Sell,20.11,0,0
2025-07-24T02:19:49.9365429Z,b0341b6a-6087-4dea-a4df-399d279e26e4,Trade,Sell,20.01,233,1982
2025-07-24T02:19:49.9465429Z,f1a5e5b4-7d8d-4f77-b235-e2893a58e6c8,New,Buy,19.98,0,768
2025-07-24T02:19:49.9465429Z,ad4bb6a8-00a5-4145-94b7-342d9135bea8,Cancel,Sell,20.09,0,0
2025-07-24T02:19:49.9565429Z,db78143c-5742-4e05-b5de-a9867261f4e0,Trade,Sell,20.01,220,14914
2025-07-24T02:19:49.9665429Z,732be64a-65e0-4ffa-ad65-c5fd3530a61c,New,Sell,20.01,0,457
2025-07-24T02:19:49.9665429Z,c4671d4a-3fba-4d5c-bd6a-52e8af7eeccf,Cancel,Buy,19.98,0,0
2025-07-24T02:19:49.9765429Z,29b5f5e7-b441-4914-bba0-6e30a5894ae8,New,Buy,20.00,0,644
2025-07-24T02:19:49.9865429Z,01bdbe90-e382-4d7e-ab98-408e2952c701,New,Buy,19.99,0,318
2025-07-24T02:19:49.9965429Z,34ec5965-416c-44ef-842c-d32bcfe40608,Trade,Sell,20.01,612,0
2025-07-24T02:19:49.9965429Z,b0341b6a-6087-4dea-a4df-399d279e26e4,Trade,Sell,20.01,1982,0
2025-07-24T02:19:49.9965429Z,db78143c-5742-4e05-b5de-a9867261f4e0,Trade,Sell,20.01,8107,6807
2025-07-24T02:19:50.0065429Z,ae5da27d-f9a1-41f7-acdf-58c9401ac34d,New,Buy,20.00,0,539
2025-07-24T02:19:50.0165429Z,732be64a-65e0-4ffa-ad65-c5fd3530a61c,Trade,Sell,20.01,457,0
2025-07-24T02:19:50.0165429Z,db78143c-5742-4e05-b5de-a9867261f4e0,Trade,Sell,20.01,1165,5642
2025-07-24T02:19:50.0265429Z,d223d20d-ba8c-4f72-b3c6-cf21762ee331,New,Buy,19.99,0,706
2025-07-24T02:19:50.0365429Z,3462f409-b573-4492-91a9-afa6cbeb8eec,New,Buy,20.00,0,865
2025-07-24T02:19:50.0365429Z,9cd49843-3ca6-4476-887b-163c992b1bb8,Cancel,Sell,20.02,0,0
2025-07-24T02:19:50.0465429Z,db78143c-5742-4e05-b5de-a9867261f4e0,Trade,Sell,20.01,3633,2009
2025-07-24T02:19:50.0565429Z,863fddbf-6110-4d19-aa69-1d29fc6517fa,New,Buy,20.00,0,850
2025-07-24T02:19:50.0665429Z,db78143c-5742-4e05-b5de-a9867261f4e0,Trade,Sell,20.01,2009,0
2025-07-24T02:19:50.0665429Z,0f883839-dac2-439d-ace9-8e481d7c1c3a,Trade,Sell,20.02,2500,0
2025-07-24T02:19:50.0665429Z,aace308f-6322-4d86-bea5-d0bf1d284507,Trade,Sell,20.02,1001,535
2025-07-24T02:19:50.0665429Z,93f4e0d0-a5c2-4e5e-9fc7-99cb830ba3a4,Cancel,Buy,20.00,0,0
2025-07-24T02:19:50.0765429Z,dfed44e6-478b-4500-813f-b713c32081df,Trade,Sell,20.02,107,1595
2025-07-24T02:19:50.0765429Z,a6ff8624-71e0-4277-9bf8-857c353eb789,Cancel,Sell,20.05,0,0
2025-07-24T02:19:50.0765429Z,5b0dc59f-f777-4021-918e-e80a6e3e6000,Cancel,Buy,19.92,0,0
2025-07-24T02:19:50.0865429Z,631b65d0-b25c-4274-98a0-af46b7adfbfb,New,Sell,20.02,0,952
2025-07-24T02:19:50.0965429Z,890b7443-4a68-4fd5-8fe2-70dcf102ade1,Trade,Sell,20.02,46,1484
2025-07-24T02:19:50.1065429Z,189f4972-2c2c-40f7-a251-7dbc522fea7a,Trade,Buy,20.00,204,0
2025-07-24T02:19:50.1065429Z,676e9bed-1435-4254-a5a4-eb36e014dd90,Trade,Buy,20.00,1622,15945
2025-07-24T02:19:50.1165429Z,919c4813-3865-4d12-ac75-94ea85e2965c,New,Sell,20.02,0,3261
2025-07-24T02:19:50.1265429Z,b986fbcd-1348-407c-a2e3-99ba9b30d4e7,Trade,Buy,20.00,65,881
2025-07-24T02:19:50.1265429Z,162c5f79-ad13-4365-8759-90e08443d223,Cancel,Sell,20.02,0,0
2025-07-24T02:19:50.1365429Z,d5361638-5d20-4189-95bd-518124b8f9b5,Trade,Sell,20.02,1014,0
2025-07-24T02:19:50.1365429Z,4e714100-bef4-4d07-ae47-bfe572ab9b0c,Trade,Sell,20.02,358,2097
2025-07-24T02:19:50.1465429Z,b1f29b31-1143-43c5-a42f-ec40cc30f524,New,Buy,20.01,0,167
2025-07-24T02:19:50.1565429Z,b1f29b31-1143-43c5-a42f-ec40cc30f524,Trade,Buy,20.01,167,0
2025-07-24T02:19:50.1565429Z,89df1c78-f942-4f23-bcfa-28f0a6456d53,Trade,Buy,20.01,64,2436
2025-07-24T02:19:50.1665429Z,aace308f-6322-4d86-bea5-d0bf1d284507,Trade,Sell,20.02,113,422
2025-07-24T02:19:50.1765429Z,4cd14391-7048-47a7-a16e-af9265f2e90d,Trade,Buy,20.00,215,2285
2025-07-24T02:19:50.1865429Z,a9d63a14-7ca0-446a-9b39-947994bad940,New,Buy,20.01,0,1598
2025-07-24T02:19:50.1965429Z,211314df-f1be-4448-92cd-df1fd4442d4d,New,Sell,20.02,0,5454
2025-07-24T02:19:50.2065429Z,763f321a-e7d4-4538-a678-df2cbec59abc,New,Sell,20.02,0,444
2025-07-24T02:19:50.2065429Z,b986fbcd-1348-407c-a2e3-99ba9b30d4e7,Cancel,Buy,20.00,0,0
2025-07-24T02:19:50.2165429Z,dfed44e6-478b-4500-813f-b713c32081df,Trade,Sell,20.02,1595,0
2025-07-24T02:19:50.2165429Z,631b65d0-b25c-4274-98a0-af46b7adfbfb,Trade,Sell,20.02,952,0
2025-07-24T02:19:50.2165429Z,890b7443-4a68-4fd5-8fe2-70dcf102ade1,Trade,Sell,20.02,460,1024
2025-07-24T02:19:50.2265429Z,919c4813-3865-4d12-ac75-94ea85e2965c,Trade,Sell,20.02,1789,1472
2025-07-24T02:19:50.2265429Z,bac96204-3775-412e-bb1d-7d8a0f49d40a,Cancel,Buy,19.94,0,0
2025-07-24T02:19:50.2365429Z,4e714100-bef4-4d07-ae47-bfe572ab9b0c,Trade,Sell,20.02,1123,974
2025-07-24T02:19:50.2465429Z,d5d6a91b-e0a6-4e65-b0fc-1f3fbe362528,New,Sell,20.02,0,15774
2025-07-24T02:19:50.2565429Z,2672f287-02de-4b6c-9f9a-0af300072094,New,Buy,20.01,0,587
2025-07-24T02:19:50.2565429Z,3462f409-b573-4492-91a9-afa6cbeb8eec,Cancel,Buy,20.00,0,0
2025-07-24T02:19:50.2665429Z,aace308f-6322-4d86-bea5-d0bf1d284507,Trade,Sell,20.02,422,0
2025-07-24T02:19:50.2665429Z,211314df-f1be-4448-92cd-df1fd4442d4d,Trade,Sell,20.02,2568,2886
2025-07-24T02:19:50.2765429Z,aab1f83e-9a40-4c9d-9f07-1c9917eefb1f,New,Buy,20.00,0,3148
2025-07-24T02:19:50.2865429Z,78bde7b7-718b-4c4e-b9e1-896eeb177b11,New,Buy,20.01,0,385
2025-07-24T02:19:50.2965429Z,e980e5ff-b544-4441-9414-1e450da094ad,New,Sell,20.03,0,200
2025-07-24T02:19:50.2965429Z,919c4813-3865-4d12-ac75-94ea85e2965c,Cancel,Sell,20.02,0,0
2025-07-24T02:19:50.3065429Z,8e2704c0-1b7c-4368-ae43-e59ad81ad33b,New,Buy,19.97,0,2794
2025-07-24T02:19:50.3165429Z,763f321a-e7d4-4538-a678-df2cbec59abc,Trade,Sell,20.02,444,0
2025-07-24T02:19:50.3165429Z,890b7443-4a68-4fd5-8fe2-70dcf102ade1,Trade,Sell,20.02,648,376
2025-07-24T02:19:50.3265429Z,243de8ad-a536-4cec-af5e-3c65ee9cdbaf,New,Buy,20.00,0,1259
2025-07-24T02:19:50.3365429Z,4e714100-bef4-4d07-ae47-bfe572ab9b0c,Trade,Sell,20.02,793,181
2025-07-24T02:19:50.3365429Z,b206fbd4-a1ac-4d45-bcb8-8b690aa30af8,Cancel,Sell,20.03,0,0
2025-07-24T02:19:50.3365429Z,676e9bed-1435-4254-a5a4-eb36e014dd90,Cancel,Buy,20.00,0,0
2025-07-24T02:19:50.3465429Z,e06f6d8f-4dce-4f9c-aabb-b77c65612bab,New,Sell,20.03,0,506
2025-07-24T02:19:50.3465429Z,76f34d8b-f960-4094-8031-541176ae2592,Cancel,Buy,19.96,0,0
2025-07-24T02:19:50.3565429Z,d5d6a91b-e0a6-4e65-b0fc-1f3fbe362528,Trade,Sell,20.02,853,14921
2025-07-24T02:19:50.3565429Z,d682ad69-d8ca-42df-82a6-02a8414e30fb,Cancel,Buy,19.91,0,0
2025-07-24T02:19:50.3665429Z,5a535868-f2d0-4c63-814b-78873510fa68,New,Buy,20.01,0,257
2025-07-24T02:19:50.3765429Z,1fd838fa-4a47-4e24-8bb8-9b96adeb2fd1,New,Buy,20.01,0,377
2025-07-24T02:19:50.3865429Z,a50394f5-7a9b-4ebe-9ab4-ea155062d8b3,New,Buy,20.00,0,5221
2025-07-24T02:19:50.3965429Z,97e37d77-c2ec-4bd1-a709-fc9a7427c0c5,New,Buy,20.00,0,757
2025-07-24T02:19:50.3965429Z,c41c725e-7209-42df-a781-30c3c54a3cda,Cancel,Sell,20.05,0,0
2025-07-24T02:19:50.3965429Z,ae5da27d-f9a1-41f7-acdf-58c9401ac34d,Cancel,Buy,20.00,0,0
2025-07-24T02:19:50.4065429Z,d530e8bf-d05c-4eb4-86c2-e34cc4918fc6,New,Buy,20.00,0,410
2025-07-24T02:19:50.4065429Z,f26b41a5-da7c-49d4-8b60-816135299251,Cancel,Sell,20.06,0,0
2025-07-24T02:19:50.4165429Z,211314df-f1be-4448-92cd-df1fd4442d4d,Trade,Sell,20.02,2886,0
2025-07-24T02:19:50.4165429Z,890b7443-4a68-4fd5-8fe2-70dcf102ade1,Trade,Sell,20.02,231,145
2025-07-24T02:19:50.4165429Z,162460f5-fb3b-4fdb-a5b4-d80cecab33a8,Cancel,Buy,19.95,0,0
2025-07-24T02:19:50.4165429Z,bad26742-a675-4046-84f8-16b0eec9760e,Cancel,Buy,19.97,0,0
2025-07-24T02:19:50.4265429Z,a7fa43ec-f6f6-4fa2-aa65-785aae4a2e33,New,Buy,20.01,0,805
2025-07-24T02:19:50.4265429Z,6cc0213f-c579-4a3d-b9ec-2cd08b5d9e20,Cancel,Sell,20.04,0,0
2025-07-24T02:19:50.4365429Z,70531b93-98e7-4ec9-9e6e-3649155b7eea,New,Sell,20.02,0,6834
2025-07-24T02:19:50.4365429Z,1fd838fa-4a47-4e24-8bb8-9b96adeb2fd1,Cancel,Buy,20.01,0,0
2025-07-24T02:19:50.4465429Z,4e714100-bef4-4d07-ae47-bfe572ab9b0c,Trade,Sell,20.02,181,0
2025-07-24T02:19:50.4465429Z,d5d6a91b-e0a6-4e65-b0fc-1f3fbe362528,Trade,Sell,20.02,382,14539
2025-07-24T02:19:50.4565429Z,6e37b0e9-b23c-47ec-aa05-d2ea42bf681a,New,Sell,20.02,0,6264
2025-07-24T02:19:50.4565429Z,ca73d537-0d69-468e-bf11-2facb5e96ebf,Cancel,Buy,20.00,0,0
2025-07-24T02:19:50.4665429Z,890b7443-4a68-4fd5-8fe2-70dcf102ade1,Trade,Sell,20.02,145,0
2025-07-24T02:19:50.4665429Z,70531b93-98e7-4ec9-9e6e-3649155b7eea,Trade,Sell,20.02,106,6728
2025-07-24T02:19:50.4765429Z,c9146c07-d7a5-4541-855a-fc0bc513f9d7,New,Sell,20.07,0,3730
2025-07-24T02:19:50.4765429Z,1461e39c-391b-4f89-83ba-5d3ab63bfd39,Cancel,Sell,20.08,0,0
2025-07-24T02:19:50.4865429Z,4203f1a2-c026-49db-8db8-9300e9909a50,New,Sell,20.02,0,5071
2025-07-24T02:19:50.4865429Z,5a611bb1-75a4-4e23-96c4-2bebe0d86fa8,Cancel,Buy,19.95,0,0
2025-07-24T02:19:50.4965429Z,d4fe88f8-3517-4079-9b70-794e5ffdad61,New,Buy,19.99,0,2454
2025-07-24T02:19:50.4965429Z,bc9fd521-dfd1-45c4-a13f-155dbf006c89,Cancel,Buy,19.98,0,0
2025-07-24T02:19:50.5065429Z,d5d6a91b-e0a6-4e65-b0fc-1f3fbe362528,Trade,Sell,20.02,10699,3840
2025-07-24T02:19:50.5065429Z,c9146c07-d7a5-4541-855a-fc0bc513f9d7,Cancel,Sell,20.07,0,0
2025-07-24T02:19:50.5165429Z,a9d63a14-7ca0-446a-9b39-947994bad940,Trade,Buy,20.01,1598,0
2025-07-24T02:19:50.5165429Z,2672f287-02de-4b6c-9f9a-0af300072094,Trade,Buy,20.01,587,0
2025-07-24T02:19:50.5165429Z,78bde7b7-718b-4c4e-b9e1-896eeb177b11,Trade,Buy,20.01,385,0
2025-07-24T02:19:50.5165429Z,5a535868-f2d0-4c63-814b-78873510fa68,Trade,Buy,20.01,257,0
2025-07-24T02:19:50.5165429Z,3b68325c-6109-4254-aa93-10234d1aa900,Trade,Buy,20.01,2500,0
2025-07-24T02:19:50.5165429Z,8867ffb3-24ef-4cce-b272-826e44971b2b,Trade,Buy,20.00,3658,2935
2025-07-24T02:19:50.5165429Z,a7fa43ec-f6f6-4fa2-aa65-785aae4a2e33,Cancel,Buy,20.01,0,0
2025-07-24T02:19:50.5265429Z,ae596e3d-5d5f-4fe9-a8ae-eed3561c705b,New,Sell,20.01,0,389
2025-07-24T02:19:50.5365429Z,ae596e3d-5d5f-4fe9-a8ae-eed3561c705b,Trade,Sell,20.01,332,57
2025-07-24T02:19:50.5465429Z,ae596e3d-5d5f-4fe9-a8ae-eed3561c705b,Trade,Sell,20.01,57,0
2025-07-24T02:19:50.5465429Z,e551c139-493d-4337-9f73-e79cc678c7a3,Trade,Sell,20.02,1904,596
2025-07-24T02:19:50.5565429Z,9d706587-ea2c-4017-ae67-37179b926d5a,Trade,Sell,20.02,783,1717
2025-07-24T02:19:50.5665429Z,01fe9ece-e59c-40c1-99ea-8710578102ab,New,Buy,20.00,0,1009
2025-07-24T02:19:50.5665429Z,00c468d5-b828-4797-9ef2-649c0cb1ddb1,Cancel,Sell,20.05,0,0
2025-07-24T02:19:50.5765429Z,87f79c3e-c287-4aa1-8abe-adf8c02fdcce,New,Buy,20.00,0,402
2025-07-24T02:19:50.5865429Z,3aa53440-6293-406a-9a76-c7a493e53449,Trade,Sell,20.02,2500,0
2025-07-24T02:19:50.5865429Z,6e37b0e9-b23c-47ec-aa05-d2ea42bf681a,Trade,Sell,20.02,178,6086
2025-07-24T02:19:50.5965429Z,6b7e063b-13ec-47af-8c29-b1234c336f38,New,Buy,20.00,0,1067
2025-07-24T02:19:50.6065429Z,4c06a50b-dd14-4c9d-bf18-ab59efb619b2,Trade,Buy,20.00,118,1037
2025-07-24T02:19:50.6165429Z,d1bb3810-60eb-4a7b-97ee-24f8bb17d0b0,New,Buy,20.00,0,453
2025-07-24T02:19:50.6165429Z,f1f24ac7-1a1f-4bab-a0a1-46f66fbed4b0,Cancel,Buy,19.98,0,0
2025-07-24T02:19:50.6265429Z,22cdb53f-5410-46b8-b43b-6dc934df2176,New,Buy,19.98,0,3089
2025-07-24T02:19:50.6365429Z,a7ef2862-761d-435d-913b-5eed82578612,New,Sell,20.01,0,487
2025-07-24T02:19:50.6465429Z,e4244108-1f5c-4902-8638-f52ce7352a87,New,Buy,19.99,0,563
2025-07-24T02:19:50.6565429Z,ed4f3659-e688-4ad6-abbe-6853b2d59c7b,Trade,Buy,20.00,655,0
2025-07-24T02:19:50.6565429Z,29b5f5e7-b441-4914-bba0-6e30a5894ae8,Trade,Buy,20.00,644,0
2025-07-24T02:19:50.6565429Z,863fddbf-6110-4d19-aa69-1d29fc6517fa,Trade,Buy,20.00,850,0
2025-07-24T02:19:50.6565429Z,aab1f83e-9a40-4c9d-9f07-1c9917eefb1f,Trade,Buy,20.00,3148,0
2025-07-24T02:19:50.6565429Z,243de8ad-a536-4cec-af5e-3c65ee9cdbaf,Trade,Buy,20.00,798,461
2025-07-24T02:19:50.6565429Z,c030469e-d201-4579-89c8-dbcaface1d7f,Cancel,Buy,19.99,0,0
2025-07-24T02:19:50.6665429Z,f0d67d08-2c15-4f5f-b3e9-a3ed8bd181df,New,Sell,20.03,0,543
2025-07-24T02:19:50.6765429Z,c5611988-5c38-4409-a06e-873cb8dcf656,New,Buy,19.99,0,3151
2025-07-24T02:19:50.6865429Z,43672281-6eed-47da-9c5a-c85a7eec0e05,New,Sell,20.02,0,3802
2025-07-24T02:19:50.6965429Z,a50394f5-7a9b-4ebe-9ab4-ea155062d8b3,Trade,Buy,20.00,401,4820
2025-07-24T02:19:50.7065429Z,a7ef2862-761d-435d-913b-5eed82578612,Trade,Sell,20.01,343,144
2025-07-24T02:19:50.7165429Z,a7ef2862-761d-435d-913b-5eed82578612,Trade,Sell,20.01,144,0
2025-07-24T02:19:50.7165429Z,42c43449-cdad-4c2c-a4da-bb6a3a978a5a,Trade,Sell,20.02,532,1968
2025-07-24T02:19:50.7265429Z,24d73484-b4b8-4ecc-9377-0ca33d8d6157,Trade,Sell,20.02,2500,0
2025-07-24T02:19:50.7265429Z,70531b93-98e7-4ec9-9e6e-3649155b7eea,Trade,Sell,20.02,5525,1203
2025-07-24T02:19:50.7365429Z,4203f1a2-c026-49db-8db8-9300e9909a50,Trade,Sell,20.02,803,4268
2025-07-24T02:19:50.7465429Z,0ab4b0b9-8de6-425b-be61-881df37a6af5,New,Buy,20.01,0,6691
2025-07-24T02:19:50.7465429Z,68af328c-c9dd-4804-bd6d-3c178e90deaa,Cancel,Buy,19.96,0,0
2025-07-24T02:19:50.7465429Z,d223d20d-ba8c-4f72-b3c6-cf21762ee331,Cancel,Buy,19.99,0,0
2025-07-24T02:19:50.7565429Z,0ab4b0b9-8de6-425b-be61-881df37a6af5,Trade,Buy,20.01,1720,4971
2025-07-24T02:19:50.7565429Z,c5611988-5c38-4409-a06e-873cb8dcf656,Cancel,Buy,19.99,0,0
2025-07-24T02:19:50.7665429Z,0ab4b0b9-8de6-425b-be61-881df37a6af5,Trade,Buy,20.01,497,4474
2025-07-24T02:19:50.7665429Z,e4244108-1f5c-4902-8638-f52ce7352a87,Cancel,Buy,19.99,0,0
2025-07-24T02:19:50.7765429Z,83649f72-e69e-4e78-839f-d5372846beb6,New,Sell,20.02,0,1404
2025-07-24T02:19:50.7865429Z,d5d6a91b-e0a6-4e65-b0fc-1f3fbe362528,Trade,Sell,20.02,2405,1435
2025-07-24T02:19:50.7965429Z,b9da93cb-6bc6-4632-a5b3-a56517d48f08,New,Buy,20.00,0,280
2025-07-24T02:19:50.8065429Z,0ab4b0b9-8de6-425b-be61-881df37a6af5,Trade,Buy,20.01,624,3850
2025-07-24T02:19:50.8165429Z,e6b74c85-e2e4-4186-be90-251475db6b3b,New,Sell,20.02,0,1568
2025-07-24T02:19:50.8265429Z,0ab4b0b9-8de6-425b-be61-881df37a6af5,Trade,Buy,20.01,1765,2085
2025-07-24T02:19:50.8265429Z,b9da93cb-6bc6-4632-a5b3-a56517d48f08,Cancel,Buy,20.00,0,0
2025-07-24T02:19:50.8365429Z,044867b1-4ee4-454f-842c-e3ba044d8f74,New,Buy,20.01,0,609
2025-07-24T02:19:50.8365429Z,01bdbe90-e382-4d7e-ab98-408e2952c701,Cancel,Buy,19.99,0,0
2025-07-24T02:19:50.8465429Z,5d1acb71-139d-406b-b2d1-47cd7f6d23ce,New,Buy,20.00,0,442
2025-07-24T02:19:50.8465429Z,0f0ed240-0252-44e8-bfdd-08ccb76a7531,Cancel,Buy,19.90,0,0
2025-07-24T02:19:50.8565429Z,118ce7ff-0f45-4e4c-b810-8cb0d6d042bd,New,Buy,20.01,0,1551
2025-07-24T02:19:50.8565429Z,4e39bf62-ada2-4bfd-8830-c4ee88427cc7,Cancel,Buy,19.98,0,0
2025-07-24T02:19:50.8665429Z,4eb2bbc7-4e8d-4236-b842-5525654d1d3c,New,Sell,20.02,0,1653
2025-07-24T02:19:50.8665429Z,e6b74c85-e2e4-4186-be90-251475db6b3b,Cancel,Sell,20.02,0,0
2025-07-24T02:19:50.8765429Z,0ab4b0b9-8de6-425b-be61-881df37a6af5,Trade,Buy,20.01,378,1707
2025-07-24T02:19:50.8865429Z,af79a617-be21-470a-994b-f264a6d9ddab,New,Buy,20.01,0,2982
2025-07-24T02:19:50.8965429Z,6e37b0e9-b23c-47ec-aa05-d2ea42bf681a,Trade,Sell,20.02,786,5300
2025-07-24T02:19:50.9065429Z,3ffe949e-f01b-47b5-bed9-7836d9712960,New,Buy,20.01,0,1632
2025-07-24T02:19:50.9165429Z,82563b65-11b0-46b3-ad13-f4041373fc39,New,Buy,20.01,0,4581
2025-07-24T02:19:50.9165429Z,01fe9ece-e59c-40c1-99ea-8710578102ab,Cancel,Buy,20.00,0,0
2025-07-24T02:19:50.9165429Z,beb8ae77-2987-4313-bed1-4815cd43268e,Cancel,Buy,19.94,0,0
2025-07-24T02:19:50.9265429Z,20f6980e-72b0-40f6-9b08-6a7d270ed2cc,New,Buy,19.99,0,153
2025-07-24T02:19:50.9365429Z,044867b1-4ee4-454f-842c-e3ba044d8f74,Trade,Buy,20.01,609,0
2025-07-24T02:19:50.9365429Z,118ce7ff-0f45-4e4c-b810-8cb0d6d042bd,Trade,Buy,20.01,1551,0
2025-07-24T02:19:50.9365429Z,0ab4b0b9-8de6-425b-be61-881df37a6af5,Trade,Buy,20.01,162,1545
2025-07-24T02:19:50.9465429Z,1f5120a0-3a00-4679-ae86-9c2c048a88c2,New,Buy,20.01,0,714
2025-07-24T02:19:50.9565429Z,2fe06c7e-c005-423c-8ba2-188007b8bb67,New,Sell,20.02,0,194
2025-07-24T02:19:50.9665429Z,43672281-6eed-47da-9c5a-c85a7eec0e05,Trade,Sell,20.02,325,3477
2025-07-24T02:19:50.9765429Z,6668a399-2a1c-4091-835a-dc55007b9e05,New,Buy,20.01,0,5262
2025-07-24T02:19:50.9865429Z,26f679a8-3e5e-48ab-a560-1d1bd14025e3,New,Sell,20.03,0,1304
2025-07-24T02:19:50.9965429Z,70531b93-98e7-4ec9-9e6e-3649155b7eea,Trade,Sell,20.02,845,358
2025-07-24T02:19:51.0065429Z,91ceb3f5-7f9c-4b0d-867e-2fa01c37e7da,New,Buy,19.99,0,3260
2025-07-24T02:19:51.0065429Z,2fe06c7e-c005-423c-8ba2-188007b8bb67,Cancel,Sell,20.02,0,0
2025-07-24T02:19:51.0165429Z,4203f1a2-c026-49db-8db8-9300e9909a50,Trade,Sell,20.02,241,4027
2025-07-24T02:19:51.0265429Z,83649f72-e69e-4e78-839f-d5372846beb6,Trade,Sell,20.02,1404,0
2025-07-24T02:19:51.0265429Z,d5d6a91b-e0a6-4e65-b0fc-1f3fbe362528,Trade,Sell,20.02,1435,0
2025-07-24T02:19:51.0265429Z,4eb2bbc7-4e8d-4236-b842-5525654d1d3c,Trade,Sell,20.02,370,1283
2025-07-24T02:19:51.0365429Z,af79a617-be21-470a-994b-f264a6d9ddab,Trade,Buy,20.01,2278,704
2025-07-24T02:19:51.0465429Z,6e37b0e9-b23c-47ec-aa05-d2ea42bf681a,Trade,Sell,20.02,2562,2738
2025-07-24T02:19:51.0565429Z,b36b7fc2-1665-4838-b289-1b33df9a22db,New,Buy,20.00,0,1114
2025-07-24T02:19:51.0665429Z,3ffe949e-f01b-47b5-bed9-7836d9712960,Trade,Buy,20.01,1632,0
2025-07-24T02:19:51.0665429Z,82563b65-11b0-46b3-ad13-f4041373fc39,Trade,Buy,20.01,215,4366
2025-07-24T02:19:51.0765429Z,0ab4b0b9-8de6-425b-be61-881df37a6af5,Trade,Buy,20.01,547,998
2025-07-24T02:19:51.0765429Z,cb5c6b6d-0879-4673-a2db-6030a1319a2a,Cancel,Buy,19.98,0,0
2025-07-24T02:19:51.0865429Z,43672281-6eed-47da-9c5a-c85a7eec0e05,Trade,Sell,20.02,3477,0
2025-07-24T02:19:51.0865429Z,70531b93-98e7-4ec9-9e6e-3649155b7eea,Trade,Sell,20.02,358,0
2025-07-24T02:19:51.0865429Z,4203f1a2-c026-49db-8db8-9300e9909a50,Trade,Sell,20.02,4027,0
2025-07-24T02:19:51.0865429Z,4eb2bbc7-4e8d-4236-b842-5525654d1d3c,Trade,Sell,20.02,1283,0
2025-07-24T02:19:51.0865429Z,6e37b0e9-b23c-47ec-aa05-d2ea42bf681a,Trade,Sell,20.02,155,2583
2025-07-24T02:19:51.0865429Z,22cdb53f-5410-46b8-b43b-6dc934df2176,Cancel,Buy,19.98,0,0
2025-07-24T02:19:51.0965429Z,6e37b0e9-b23c-47ec-aa05-d2ea42bf681a,Trade,Sell,20.02,199,2384
2025-07-24T02:19:51.1065429Z,3ebfcf0d-8649-4420-92b1-14f31c31b51c,New,Buy,20.00,0,599
2025-07-24T02:19:51.1165429Z,8ea9670e-6a88-4ee5-99e1-e3f690da06f7,New,Sell,20.02,0,1527
2025-07-24T02:19:51.1265429Z,abe4c861-1e30-496f-a060-524dfc601668,New,Sell,20.03,0,1722
2025-07-24T02:19:51.1365429Z,6e37b0e9-b23c-47ec-aa05-d2ea42bf681a,Trade,Sell,20.02,1343,1041
2025-07-24T02:19:51.1365429Z,8867ffb3-24ef-4cce-b272-826e44971b2b,Cancel,Buy,20.00,0,0
2025-07-24T02:19:51.1365429Z,e4968023-5c96-4b77-87aa-a7bace7ab4c5,Cancel,Sell,20.07,0,0
2025-07-24T02:19:51.1465429Z,1f5120a0-3a00-4679-ae86-9c2c048a88c2,Trade,Buy,20.01,714,0
2025-07-24T02:19:51.1465429Z,6668a399-2a1c-4091-835a-dc55007b9e05,Trade,Buy,20.01,558,4704
2025-07-24T02:19:51.1565429Z,8ea9670e-6a88-4ee5-99e1-e3f690da06f7,Trade,Sell,20.02,1518,9
2025-07-24T02:19:51.1565429Z,6b8282bb-102e-463c-bad4-8a4c2c3f4c93,Cancel,Sell,20.09,0,0
2025-07-24T02:19:51.1665429Z,e9f9654e-cd8c-485c-bf68-8f2e4fe64d87,New,Buy,20.01,0,466
2025-07-24T02:19:51.1765429Z,6e37b0e9-b23c-47ec-aa05-d2ea42bf681a,Trade,Sell,20.02,1041,0
2025-07-24T02:19:51.1765429Z,8ea9670e-6a88-4ee5-99e1-e3f690da06f7,Trade,Sell,20.02,9,0
2025-07-24T02:19:51.1765429Z,2b2d3968-7c53-4962-bfc3-bacbfabf6108,Trade,Sell,20.03,1106,1394
2025-07-24T02:19:51.1865429Z,72ef846a-27ee-4232-84b5-9746ac9d42a4,New,Buy,19.99,0,3877
2025-07-24T02:19:51.1965429Z,fc3c7bb2-d2b2-40bf-9f6a-de38743d6fc3,New,Buy,20.02,0,8999
2025-07-24T02:19:51.2065429Z,e9313905-d861-440d-8ac9-56d486dd96f2,New,Buy,20.00,0,1140
2025-07-24T02:19:51.2165429Z,3b221f8a-a516-445f-9bcb-849cddda4c28,New,Sell,20.04,0,347
2025-07-24T02:19:51.2165429Z,49a910d3-5980-4258-9c2e-80b4d71c0bb5,Cancel,Buy,19.98,0,0
2025-07-24T02:19:51.2265429Z,e980e5ff-b544-4441-9414-1e450da094ad,Trade,Sell,20.03,200,0
2025-07-24T02:19:51.2265429Z,e06f6d8f-4dce-4f9c-aabb-b77c65612bab,Trade,Sell,20.03,506,0
2025-07-24T02:19:51.2265429Z,f0d67d08-2c15-4f5f-b3e9-a3ed8bd181df,Trade,Sell,20.03,481,62
2025-07-24T02:19:51.2365429Z,1afaa308-41e9-45f2-a19f-5fe3d7292876,New,Buy,20.00,0,9877
2025-07-24T02:19:51.2465429Z,fc3c7bb2-d2b2-40bf-9f6a-de38743d6fc3,Trade,Buy,20.02,1762,7237
2025-07-24T02:19:51.2565429Z,26f679a8-3e5e-48ab-a560-1d1bd14025e3,Trade,Sell,20.03,1304,0
2025-07-24T02:19:51.2565429Z,abe4c861-1e30-496f-a060-524dfc601668,Trade,Sell,20.03,1311,411
2025-07-24T02:19:51.2665429Z,67b773aa-5ff0-4b15-9f34-ad47220d8f27,New,Buy,20.01,0,849
2025-07-24T02:19:51.2765429Z,889d7207-7d59-470e-a245-047eb44d9207,New,Buy,20.01,0,467
2025-07-24T02:19:51.2765429Z,e9313905-d861-440d-8ac9-56d486dd96f2,Cancel,Buy,20.00,0,0
2025-07-24T02:19:51.2865429Z,f0d67d08-2c15-4f5f-b3e9-a3ed8bd181df,Trade,Sell,20.03,62,0
2025-07-24T02:19:51.2865429Z,abe4c861-1e30-496f-a060-524dfc601668,Trade,Sell,20.03,411,0
2025-07-24T02:19:51.2865429Z,153fd3f0-696a-4025-a3fa-655e48a52a93,Trade,Sell,20.04,2500,0
2025-07-24T02:19:51.2865429Z,3b221f8a-a516-445f-9bcb-849cddda4c28,Trade,Sell,20.04,347,0
2025-07-24T02:19:51.2865429Z,37628d21-25f4-4e22-8704-b9c4900c275f,Trade,Sell,20.05,1684,468
2025-07-24T02:19:51.2965429Z,ee6fdd4d-99a1-4ab5-ba14-5695491be0a0,New,Buy,20.01,0,284
2025-07-24T02:19:51.3065429Z,5cec7ba5-5c86-40b8-b7d8-8ebb640d4ba0,New,Buy,20.03,0,6792
2025-07-24T02:19:51.3165429Z,4261e480-0888-40d9-a41e-10ec8f72b462,Trade,Sell,20.05,513,1987
2025-07-24T02:19:51.3265429Z,bc7c77fb-90ba-4e04-94c7-f3fad3dc79c6,New,Buy,20.02,0,576
2025-07-24T02:19:51.3365429Z,5cec7ba5-5c86-40b8-b7d8-8ebb640d4ba0,Trade,Buy,20.03,2794,3998
2025-07-24T02:19:51.3365429Z,95440185-148a-420c-a9ea-7384ce20e306,Cancel,Buy,20.02,0,0
2025-07-24T02:19:51.3465429Z,72017cdc-6983-4047-9441-1fa539d4640c,New,Buy,20.02,0,381
2025-07-24T02:19:51.3565429Z,5cec7ba5-5c86-40b8-b7d8-8ebb640d4ba0,Trade,Buy,20.03,318,3680
2025-07-24T02:19:51.3665429Z,f85462d6-6752-4a97-ab1f-1227f99dfa78,New,Buy,20.04,0,755
2025-07-24T02:19:51.3665429Z,6adc556f-9a4c-47a4-a532-265b4379c4c1,Cancel,Sell,20.07,0,0
2025-07-24T02:19:51.3765429Z,9f15c0f1-0217-4210-9675-b0e27ef7ba83,New,Buy,20.02,0,3240
2025-07-24T02:19:51.3865429Z,30e9c91e-0996-48ae-9d40-8867a1b92e43,Trade,Sell,20.06,1006,1494
2025-07-24T02:19:51.3965429Z,af478ccb-cf14-4fbc-91f4-6552d8dd1a9d,Trade,Sell,20.06,1110,1390
2025-07-24T02:19:51.4065429Z,0dbfcbc5-7767-4e4f-9e2e-d0f51b601a71,New,Buy,20.05,0,400
2025-07-24T02:19:51.4165429Z,93013f51-15e8-4543-bc9c-c754cdfd6e47,Trade,Sell,20.06,1181,0
2025-07-24T02:19:51.4165429Z,45a429a0-61de-48cd-8c57-0b209180be0f,Trade,Sell,20.06,1401,1099
2025-07-24T02:19:51.4265429Z,38d993bf-7120-415b-a637-5f9e3444185c,New,Buy,20.05,0,1615
2025-07-24T02:19:51.4365429Z,8d4c6d8b-4923-4791-887f-c1e5c81693ed,New,Buy,20.05,0,150
2025-07-24T02:19:51.4365429Z,71292879-e12a-40ac-9ed5-f35e173ed2f6,Cancel,Buy,19.99,0,0
2025-07-24T02:19:51.4465429Z,d86b668e-b67b-478c-9d89-0e6af4f7d8e7,Trade,Sell,20.07,488,2012
2025-07-24T02:19:51.4565429Z,e9823438-04a2-4e34-9d4b-5dfef6593ca9,New,Sell,20.07,0,2946
2025-07-24T02:19:51.4665429Z,0888f581-4b8d-4b25-8579-719ba7fdcbd7,Trade,Sell,20.07,1011,1489
2025-07-24T02:19:51.4765429Z,d506af0c-28a1-4a4f-bf50-30ef6e05d0dd,Trade,Sell,20.07,1181,1319
2025-07-24T02:19:51.4865429Z,c1dc4dc3-9788-49f9-a86f-1a207b37e1ad,Trade,Sell,20.07,2500,0
2025-07-24T02:19:51.4865429Z,e9823438-04a2-4e34-9d4b-5dfef6593ca9,Trade,Sell,20.07,846,2100
2025-07-24T02:19:51.4865429Z,91ceb3f5-7f9c-4b0d-867e-2fa01c37e7da,Cancel,Buy,19.99,0,0
2025-07-24T02:19:51.4965429Z,f3e260bb-e8bb-4a74-9261-3bda977f6827,New,Sell,20.07,0,1088
2025-07-24T02:19:51.5065429Z,0dbfcbc5-7767-4e4f-9e2e-d0f51b601a71,Trade,Buy,20.05,400,0
2025-07-24T02:19:51.5065429Z,38d993bf-7120-415b-a637-5f9e3444185c,Trade,Buy,20.05,817,798
2025-07-24T02:19:51.5065429Z,53a338d2-6167-4a08-93a9-45715d95989a,Cancel,Buy,19.93,0,0
2025-07-24T02:19:51.5165429Z,491989ae-39a7-472b-9de1-19c3ab28545e,New,Sell,20.06,0,180
2025-07-24T02:19:51.5265429Z,491989ae-39a7-472b-9de1-19c3ab28545e,Trade,Sell,20.06,180,0
2025-07-24T02:19:51.5265429Z,4c278d64-7491-40b0-94b8-643b0c5a43cc,Trade,Sell,20.07,2500,0
2025-07-24T02:19:51.5265429Z,e9823438-04a2-4e34-9d4b-5dfef6593ca9,Trade,Sell,20.07,2100,0
2025-07-24T02:19:51.5265429Z,f3e260bb-e8bb-4a74-9261-3bda977f6827,Trade,Sell,20.07,1088,0
2025-07-24T02:19:51.5265429Z,dcd69958-b37b-46fe-8fe2-be78c8c838c1,Trade,Sell,20.08,2152,0
2025-07-24T02:19:51.5265429Z,0e1bd55f-8ae3-4b0e-b10d-f4b8ac14d687,Trade,Sell,20.09,1342,510
2025-07-24T02:19:51.5365429Z,bf0d0bc2-ee28-4262-a37e-a16b687070b1,New,Buy,20.05,0,1735
2025-07-24T02:19:51.5465429Z,e7ab44f1-2b1d-4f36-8ab0-def4bf1e6a4a,New,Buy,20.05,0,6593
2025-07-24T02:19:51.5565429Z,f0e577f5-2691-4f72-83a8-f9985c4d9cb7,Trade,Buy,20.06,459,2041
2025-07-24T02:19:51.5665429Z,96e062d4-5c63-4029-89ac-dea22bf8ed1d,Trade,Sell,20.08,364,2136
2025-07-24T02:19:51.5765429Z,96e062d4-5c63-4029-89ac-dea22bf8ed1d,Trade,Sell,20.08,1168,968
2025-07-24T02:19:51.5865429Z,fc829ed5-3688-45df-88f3-69ea264ddc7d,Trade,Sell,20.08,364,0
2025-07-24T02:19:51.5865429Z,96e062d4-5c63-4029-89ac-dea22bf8ed1d,Trade,Sell,20.08,968,0
2025-07-24T02:19:51.5865429Z,88d5203c-f6f8-4339-9352-55619b256ec4,Trade,Sell,20.08,1168,0
2025-07-24T02:19:51.5865429Z,a0794b33-2fcb-4ad9-a6b3-11125e970207,Trade,Sell,20.09,257,1895
2025-07-24T02:19:51.5865429Z,243de8ad-a536-4cec-af5e-3c65ee9cdbaf,Cancel,Buy,20.00,0,0
2025-07-24T02:19:51.5965429Z,44c0424c-d401-4dbb-a8d7-cd9c0df786fa,Trade,Sell,20.08,626,1874
2025-07-24T02:19:51.6065429Z,792ab9e3-24b4-4719-abab-5708d401fc2e,New,Sell,20.09,0,22329
2025-07-24T02:19:51.6165429Z,2170e2b9-3e2a-4cec-8dcd-c9d549b3a7d6,Trade,Buy,20.06,941,1559
2025-07-24T02:19:51.6265429Z,44c0424c-d401-4dbb-a8d7-cd9c0df786fa,Trade,Sell,20.08,1282,592
2025-07-24T02:19:51.6365429Z,2170e2b9-3e2a-4cec-8dcd-c9d549b3a7d6,Trade,Buy,20.06,861,698
2025-07-24T02:19:51.6365429Z,b9728f5e-0837-4772-b77e-2455e91e765d,Cancel,Buy,19.98,0,0
2025-07-24T02:19:51.6465429Z,7bf07b3f-54e9-414f-b8d4-2ae78ac1ca66,New,Buy,20.06,0,1791
2025-07-24T02:19:51.6465429Z,fc3c7bb2-d2b2-40bf-9f6a-de38743d6fc3,Cancel,Buy,20.02,0,0
2025-07-24T02:19:51.6565429Z,e9680064-1374-4ca3-9c45-97ff55520bff,New,Buy,20.06,0,842
2025-07-24T02:19:51.6665429Z,b22f126f-5e67-42f4-9310-d7807702b533,Trade,Sell,20.08,229,397
2025-07-24T02:19:51.6665429Z,e7ab44f1-2b1d-4f36-8ab0-def4bf1e6a4a,Cancel,Buy,20.05,0,0
2025-07-24T02:19:51.6765429Z,d1a1ab2f-a091-4b9f-a19f-a7725bd61e8f,New,Buy,20.05,0,1167
2025-07-24T02:19:51.6865429Z,c4f6dce6-bf1f-40c8-82bb-064d2b2649f3,New,Sell,20.08,0,1304
2025-07-24T02:19:51.6865429Z,b36b7fc2-1665-4838-b289-1b33df9a22db,Cancel,Buy,20.00,0,0
2025-07-24T02:19:51.6965429Z,bc6ea600-95c1-4052-b48e-3fd193a06aa4,New,Buy,20.07,0,929
2025-07-24T02:19:51.6965429Z,bf0d0bc2-ee28-4262-a37e-a16b687070b1,Cancel,Buy,20.05,0,0
2025-07-24T02:19:51.7065429Z,bc6ea600-95c1-4052-b48e-3fd193a06aa4,Trade,Buy,20.07,748,181
2025-07-24T02:19:51.7165429Z,bc6ea600-95c1-4052-b48e-3fd193a06aa4,Trade,Buy,20.07,181,0
2025-07-24T02:19:51.7165429Z,d304848c-f5e1-4557-be03-eb4ede84bda3,Trade,Buy,20.07,1320,1180
2025-07-24T02:19:51.7165429Z,c5a7593e-d9c1-463f-b9be-ea63cc5e8096,Cancel,Buy,19.99,0,0
2025-07-24T02:19:51.7265429Z,2a3ae2e0-d96f-4851-955c-29028585ece4,New,Buy,20.06,0,2707
2025-07-24T02:19:51.7265429Z,d4fe88f8-3517-4079-9b70-794e5ffdad61,Cancel,Buy,19.99,0,0
2025-07-24T02:19:51.7265429Z,43a6e768-41bc-4c39-8d6f-baf0bc0d53b1,Cancel,Buy,19.98,0,0
2025-07-24T02:19:51.7365429Z,ca2f997e-fa1f-421a-b2ca-6bd278577417,New,Sell,20.07,0,1635
2025-07-24T02:19:51.7465429Z,84e44141-a61a-4619-82b4-33cac44553a2,New,Buy,20.03,0,666
2025-07-24T02:19:51.7565429Z,ca2f997e-fa1f-421a-b2ca-6bd278577417,Trade,Sell,20.07,446,1189
2025-07-24T02:19:51.7665429Z,ca2f997e-fa1f-421a-b2ca-6bd278577417,Trade,Sell,20.07,653,536
2025-07-24T02:19:51.7765429Z,ca2f997e-fa1f-421a-b2ca-6bd278577417,Trade,Sell,20.07,510,26
2025-07-24T02:19:51.7865429Z,ca2f997e-fa1f-421a-b2ca-6bd278577417,Trade,Sell,20.07,26,0
2025-07-24T02:19:51.7865429Z,826ffedd-f3b6-4c9f-bb35-7f497046a935,Trade,Sell,20.08,2500,0
2025-07-24T02:19:51.7865429Z,c4f6dce6-bf1f-40c8-82bb-064d2b2649f3,Trade,Sell,20.08,1074,230
2025-07-24T02:19:51.7965429Z,c4f6dce6-bf1f-40c8-82bb-064d2b2649f3,Trade,Sell,20.08,230,0
2025-07-24T02:19:51.7965429Z,5c0bcbb4-5fba-49ed-ba22-e022c02fb3d2,Trade,Sell,20.08,339,2161
2025-07-24T02:19:51.8065429Z,7bf07b3f-54e9-414f-b8d4-2ae78ac1ca66,Trade,Buy,20.06,194,1597
2025-07-24T02:19:51.8165429Z,bfa6dca9-5532-4dc3-b5ef-e60490607ee1,New,Sell,20.09,0,2948
2025-07-24T02:19:51.8165429Z,d1bb3810-60eb-4a7b-97ee-24f8bb17d0b0,Cancel,Buy,20.00,0,0
2025-07-24T02:19:51.8265429Z,d08bd144-b41a-40d4-a88d-01d6b79cf820,New,Buy,20.05,0,5010
2025-07-24T02:19:51.8365429Z,3f641d91-fb41-4169-9117-ce4d12f4c192,New,Buy,20.06,0,1998
2025-07-24T02:19:51.8465429Z,e9680064-1374-4ca3-9c45-97ff55520bff,Trade,Buy,20.06,842,0
2025-07-24T02:19:51.8465429Z,2a3ae2e0-d96f-4851-955c-29028585ece4,Trade,Buy,20.06,218,2489
2025-07-24T02:19:51.8565429Z,5c0bcbb4-5fba-49ed-ba22-e022c02fb3d2,Trade,Sell,20.08,1138,1023
2025-07-24T02:19:51.8665429Z,71ebd258-11cc-402c-9457-69d5f28d5e89,Trade,Sell,20.08,339,0
2025-07-24T02:19:51.8665429Z,5c0bcbb4-5fba-49ed-ba22-e022c02fb3d2,Trade,Sell,20.08,592,431
2025-07-24T02:19:51.8765429Z,f8d93d29-d523-42f7-8e0e-3ddd6e4de6cb,New,Sell,20.08,0,457
2025-07-24T02:19:51.8865429Z,d959015b-e684-4262-8863-658fd74515c8,Trade,Buy,20.06,1139,1361
2025-07-24T02:19:51.8965429Z,ed66ecbd-a853-4fcc-adce-ee4a71150609,New,Sell,20.09,0,654
2025-07-24T02:19:51.9065429Z,7bf07b3f-54e9-414f-b8d4-2ae78ac1ca66,Trade,Buy,20.06,1597,0
2025-07-24T02:19:51.9065429Z,3f641d91-fb41-4169-9117-ce4d12f4c192,Trade,Buy,20.06,1707,291
2025-07-24T02:19:51.9165429Z,4741411c-199a-4a79-bb0f-daf01f2d43ab,New,Sell,20.09,0,1508
2025-07-24T02:19:51.9265429Z,beb24461-2104-44d0-a7f9-132094a862c1,New,Sell,20.08,0,589
2025-07-24T02:19:51.9265429Z,20d7070e-c52e-4ade-bf8b-7dde9d1b8a42,Cancel,Sell,20.12,0,0
2025-07-24T02:19:51.9365429Z,d0d1b2d7-a4ba-4dc0-957c-8706af0d600d,New,Buy,20.05,0,2976
2025-07-24T02:19:51.9465429Z,8984f409-d586-4a48-bd12-0b69c482eb39,Trade,Sell,20.08,633,505
2025-07-24T02:19:51.9465429Z,641871f9-a1ca-43aa-aebc-5da3a583a980,Cancel,Buy,19.97,0,0
2025-07-24T02:19:51.9565429Z,5c0bcbb4-5fba-49ed-ba22-e022c02fb3d2,Trade,Sell,20.08,123,308
2025-07-24T02:19:51.9665429Z,5c786833-d23d-4ecd-b954-ae58d30a7eb8,New,Buy,20.07,0,1336
2025-07-24T02:19:51.9765429Z,f8d93d29-d523-42f7-8e0e-3ddd6e4de6cb,Trade,Sell,20.08,457,0
2025-07-24T02:19:51.9765429Z,beb24461-2104-44d0-a7f9-132094a862c1,Trade,Sell,20.08,315,274
2025-07-24T02:19:51.9865429Z,0c48818c-2c33-42b9-8e16-989a9d059f4d,New,Buy,20.07,0,2877
2025-07-24T02:19:51.9965429Z,5c786833-d23d-4ecd-b954-ae58d30a7eb8,Trade,Buy,20.07,1082,254
2025-07-24T02:19:52.0065429Z,8578aef3-22a5-4934-9edf-b01932ef9af4,New,Buy,20.05,0,1025
2025-07-24T02:19:52.0165429Z,beb24461-2104-44d0-a7f9-132094a862c1,Trade,Sell,20.08,208,66
2025-07-24T02:19:52.0265429Z,304de407-8862-4f47-9df3-8d2ccf9187f4,New,Buy,20.07,0,1025
2025-07-24T02:19:52.0265429Z,5ddb9ae1-900b-48e4-8035-4aac8b2cb97e,Cancel,Sell,20.14,0,0
2025-07-24T02:19:52.0365429Z,beb24461-2104-44d0-a7f9-132094a862c1,Trade,Sell,20.08,66,0
2025-07-24T02:19:52.0365429Z,0765ed7f-2d82-4493-a194-14c2cdb2550c,Trade,Sell,20.09,2500,0
2025-07-24T02:19:52.0365429Z,792ab9e3-24b4-4719-abab-5708d401fc2e,Trade,Sell,20.09,1150,21179
2025-07-24T02:19:52.0465429Z,531db51f-5153-418a-98db-23c61ff051ad,New,Buy,20.07,0,669
2025-07-24T02:19:52.0565429Z,bfa6dca9-5532-4dc3-b5ef-e60490607ee1,Trade,Sell,20.09,2948,0
2025-07-24T02:19:52.0565429Z,ed66ecbd-a853-4fcc-adce-ee4a71150609,Trade,Sell,20.09,654,0
2025-07-24T02:19:52.0565429Z,4741411c-199a-4a79-bb0f-daf01f2d43ab,Trade,Sell,20.09,1508,0
2025-07-24T02:19:52.0565429Z,792ab9e3-24b4-4719-abab-5708d401fc2e,Trade,Sell,20.09,1791,19388
2025-07-24T02:19:52.0665429Z,e3b8b1e6-11bc-41d8-9418-8b64a7b882b6,New,Buy,20.07,0,885
2025-07-24T02:19:52.0765429Z,b6711eca-9eb1-4e97-850a-2e65626e52cd,New,Buy,20.08,0,66
2025-07-24T02:19:52.0765429Z,e9f9654e-cd8c-485c-bf68-8f2e4fe64d87,Cancel,Buy,20.01,0,0
2025-07-24T02:19:52.0865429Z,792ab9e3-24b4-4719-abab-5708d401fc2e,Trade,Sell,20.09,14,19374
2025-07-24T02:19:52.0965429Z,792ab9e3-24b4-4719-abab-5708d401fc2e,Trade,Sell,20.09,1012,18362
2025-07-24T02:19:52.1065429Z,64a4afe9-9593-46dd-beae-55671ec254da,New,Buy,20.08,0,1932
2025-07-24T02:19:52.1165429Z,f224bdda-d142-4b72-977c-08abeb098a56,New,Sell,20.11,0,2187
2025-07-24T02:19:52.1165429Z,f85462d6-6752-4a97-ab1f-1227f99dfa78,Cancel,Buy,20.04,0,0
2025-07-24T02:19:52.1165429Z,8e2704c0-1b7c-4368-ae43-e59ad81ad33b,Cancel,Buy,19.97,0,0
2025-07-24T02:19:52.1265429Z,b6711eca-9eb1-4e97-850a-2e65626e52cd,Trade,Buy,20.08,66,0
2025-07-24T02:19:52.1265429Z,64a4afe9-9593-46dd-beae-55671ec254da,Trade,Buy,20.08,1644,288
2025-07-24T02:19:52.1365429Z,64a4afe9-9593-46dd-beae-55671ec254da,Trade,Buy,20.08,288,0
2025-07-24T02:19:52.1365429Z,5a100b76-5cdd-4952-8d93-17d9ed5df8e6,Trade,Buy,20.08,2500,0
2025-07-24T02:19:52.1365429Z,0c48818c-2c33-42b9-8e16-989a9d059f4d,Trade,Buy,20.07,841,2036
2025-07-24T02:19:52.1465429Z,3e0a4070-921a-4d09-8420-2cbba16fb64d,New,Buy,20.07,0,911
2025-07-24T02:19:52.1565429Z,792ab9e3-24b4-4719-abab-5708d401fc2e,Trade,Sell,20.09,239,18123
2025-07-24T02:19:52.1565429Z,eed4dd96-110f-4340-9df0-4a1750872b6d,Cancel,Sell,20.17,0,0
2025-07-24T02:19:52.1665429Z,b08aadec-2010-414b-9d7d-89f8f56e2050,New,Buy,20.05,0,7172
2025-07-24T02:19:52.1765429Z,0a44f3d5-b786-416e-95d9-c270a67f4e38,Trade,Sell,20.09,192,2308
2025-07-24T02:19:52.1765429Z,531db51f-5153-418a-98db-23c61ff051ad,Cancel,Buy,20.07,0,0
2025-07-24T02:19:52.1765429Z,304de407-8862-4f47-9df3-8d2ccf9187f4,Cancel,Buy,20.07,0,0
2025-07-24T02:19:52.1865429Z,b4527b57-16e6-4713-8202-1f43de26c918,New,Sell,20.08,0,1256
2025-07-24T02:19:52.1965429Z,384dda14-7c96-41cf-b08b-e350d591527e,New,Buy,20.07,0,2002
2025-07-24T02:19:52.2065429Z,e88bb320-37ea-4214-817c-f1c9ced1f556,New,Sell,20.08,0,818
2025-07-24T02:19:52.2065429Z,8d4c6d8b-4923-4791-887f-c1e5c81693ed,Cancel,Buy,20.05,0,0
2025-07-24T02:19:52.2165429Z,cca3dd45-ab4a-4044-87b0-bcfbb2a402fc,New,Buy,20.07,0,2165
2025-07-24T02:19:52.2265429Z,5c786833-d23d-4ecd-b954-ae58d30a7eb8,Trade,Buy,20.07,146,108
2025-07-24T02:19:52.2365429Z,a004e86c-d96b-4640-b829-48beab805f81,New,Buy,20.06,0,6732
2025-07-24T02:19:52.2465429Z,b5a65bab-9d63-4a25-80aa-eb67a52cea31,New,Buy,20.04,0,1306
2025-07-24T02:19:52.2565429Z,b4527b57-16e6-4713-8202-1f43de26c918,Trade,Sell,20.08,1256,0
2025-07-24T02:19:52.2565429Z,e88bb320-37ea-4214-817c-f1c9ced1f556,Trade,Sell,20.08,818,0
2025-07-24T02:19:52.2565429Z,f4a28882-925f-4ed2-9e7d-c1ce063df2e0,Trade,Sell,20.09,1411,1089
2025-07-24T02:19:52.2665429Z,e3b8b1e6-11bc-41d8-9418-8b64a7b882b6,Trade,Buy,20.07,280,605
2025-07-24T02:19:52.2765429Z,384402fa-da10-4911-bbee-1e6c28511ede,New,Buy,20.06,0,2645
2025-07-24T02:19:52.2865429Z,14427761-4d33-438a-96a6-7868c7dc4578,New,Buy,20.07,0,585
2025-07-24T02:19:52.2965429Z,dd596a7e-41ff-48a8-84b1-1904cbc98bba,New,Buy,20.08,0,2162
2025-07-24T02:19:52.3065429Z,88d9a3ea-19c3-49a9-86c1-07b2284e214b,New,Sell,20.10,0,3635
2025-07-24T02:19:52.3165429Z,ef68d337-7675-450b-a461-fa77549ad33e,New,Buy,20.08,0,1090
2025-07-24T02:19:52.3165429Z,d1a1ab2f-a091-4b9f-a19f-a7725bd61e8f,Cancel,Buy,20.05,0,0
2025-07-24T02:19:52.3165429Z,8578aef3-22a5-4934-9edf-b01932ef9af4,Cancel,Buy,20.05,0,0
2025-07-24T02:19:52.3265429Z,dd596a7e-41ff-48a8-84b1-1904cbc98bba,Trade,Buy,20.08,2162,0
2025-07-24T02:19:52.3265429Z,ef68d337-7675-450b-a461-fa77549ad33e,Trade,Buy,20.08,1090,0
2025-07-24T02:19:52.3265429Z,37822ac5-f873-4a5e-aca8-a605271df63b,Trade,Buy,20.08,278,2222
2025-07-24T02:19:52.3265429Z,5c786833-d23d-4ecd-b954-ae58d30a7eb8,Cancel,Buy,20.07,0,0
2025-07-24T02:19:52.3365429Z,792ab9e3-24b4-4719-abab-5708d401fc2e,Trade,Sell,20.09,6512,11611
2025-07-24T02:19:52.3365429Z,6ef10081-4573-4c6a-a11d-1ad491bb074d,Cancel,Sell,20.15,0,0
2025-07-24T02:19:52.3465429Z,6c4453fb-3bdf-4054-83f1-27de2fed1782,Trade,Buy,20.07,653,1847
2025-07-24T02:19:52.3465429Z,e3b8b1e6-11bc-41d8-9418-8b64a7b882b6,Cancel,Buy,20.07,0,0
2025-07-24T02:19:52.3565429Z,78159955-71ca-4924-8345-a950b1605b72,New,Buy,20.08,0,578
2025-07-24T02:19:52.3665429Z,3ab9d344-bc39-487f-80a7-751d969a47c9,New,Buy,20.05,0,1195
2025-07-24T02:19:52.3665429Z,72017cdc-6983-4047-9441-1fa539d4640c,Cancel,Buy,20.02,0,0
2025-07-24T02:19:52.3765429Z,a7790566-81ca-4ab2-b164-4f72843b0d1b,New,Buy,20.05,0,790
2025-07-24T02:19:52.3865429Z,8f51c510-47a3-4159-bfb8-1637262f3dca,New,Buy,20.07,0,1150
2025-07-24T02:19:52.3965429Z,792ab9e3-24b4-4719-abab-5708d401fc2e,Trade,Sell,20.09,850,10761
2025-07-24T02:19:52.4065429Z,b8a07352-332b-44e2-a8d0-b1b7ae27da26,New,Sell,20.09,0,3189
2025-07-24T02:19:52.4165429Z,792ab9e3-24b4-4719-abab-5708d401fc2e,Trade,Sell,20.09,7472,3289
2025-07-24T02:19:52.4265429Z,4a77f69a-38f9-400a-a38a-8ad8ffd8db7b,New,Buy,20.08,0,726
2025-07-24T02:19:52.4265429Z,3ab9d344-bc39-487f-80a7-751d969a47c9,Cancel,Buy,20.05,0,0
2025-07-24T02:19:52.4265429Z,8c3874cc-262c-478f-8f36-086791c4d1a3,Cancel,Buy,20.03,0,0
2025-07-24T02:19:52.4365429Z,bdde5f47-ef69-4078-aa2d-156efba9a4f7,New,Sell,20.09,0,2086
2025-07-24T02:19:52.4465429Z,b8a07352-332b-44e2-a8d0-b1b7ae27da26,Trade,Sell,20.09,436,2753
2025-07-24T02:19:52.4465429Z,14427761-4d33-438a-96a6-7868c7dc4578,Cancel,Buy,20.07,0,0
2025-07-24T02:19:52.4565429Z,792ab9e3-24b4-4719-abab-5708d401fc2e,Trade,Sell,20.09,3289,0
2025-07-24T02:19:52.4565429Z,bdde5f47-ef69-4078-aa2d-156efba9a4f7,Trade,Sell,20.09,2086,0
2025-07-24T02:19:52.4565429Z,b8a07352-332b-44e2-a8d0-b1b7ae27da26,Trade,Sell,20.09,2753,0
2025-07-24T02:19:52.4565429Z,ccb4bc72-9061-493f-b017-22f8a6b39fb7,Trade,Sell,20.10,1708,792
2025-07-24T02:19:52.4665429Z,36a64e3a-4717-434d-89ca-8f248287ed7f,New,Sell,20.09,0,864
2025-07-24T02:19:52.4765429Z,36a64e3a-4717-434d-89ca-8f248287ed7f,Trade,Sell,20.09,498,366
2025-07-24T02:19:52.4865429Z,36a64e3a-4717-434d-89ca-8f248287ed7f,Trade,Sell,20.09,366,0
2025-07-24T02:19:52.4865429Z,8fa7a0ac-1c82-45e5-8a62-21cc9f027f7d,Trade,Sell,20.10,1904,596
2025-07-24T02:19:52.4965429Z,9bbfd20c-9cd3-49df-a366-d1f920de5f22,Trade,Sell,20.10,766,1734
2025-07-24T02:19:52.4965429Z,bc7c77fb-90ba-4e04-94c7-f3fad3dc79c6,Cancel,Buy,20.02,0,0
2025-07-24T02:19:52.5065429Z,5ae77144-01a4-4c34-8d2c-cba44cd773cf,New,Buy,20.07,0,1255
2025-07-24T02:19:52.5065429Z,384402fa-da10-4911-bbee-1e6c28511ede,Cancel,Buy,20.06,0,0
2025-07-24T02:19:52.5165429Z,e98ac680-0e5b-492e-8301-eb9ea887a059,Trade,Sell,20.10,648,0
2025-07-24T02:19:52.5165429Z,88d9a3ea-19c3-49a9-86c1-07b2284e214b,Trade,Sell,20.10,1478,2157
2025-07-24T02:19:52.5165429Z,3723a822-6719-4758-97f0-fdef867eb783,Cancel,Sell,20.10,0,0
2025-07-24T02:19:52.5165429Z,cca3dd45-ab4a-4044-87b0-bcfbb2a402fc,Cancel,Buy,20.07,0,0
2025-07-24T02:19:52.5265429Z,88d9a3ea-19c3-49a9-86c1-07b2284e214b,Trade,Sell,20.10,2047,110
2025-07-24T02:19:52.5365429Z,b46875e7-575a-4dc8-8f37-47be7ece4868,New,Buy,20.08,0,14192
2025-07-24T02:19:52.5365429Z,0ab4b0b9-8de6-425b-be61-881df37a6af5,Cancel,Buy,20.01,0,0
2025-07-24T02:19:52.5465429Z,78159955-71ca-4924-8345-a950b1605b72,Trade,Buy,20.08,578,0
2025-07-24T02:19:52.5465429Z,4a77f69a-38f9-400a-a38a-8ad8ffd8db7b,Trade,Buy,20.08,726,0
2025-07-24T02:19:52.5465429Z,b46875e7-575a-4dc8-8f37-47be7ece4868,Trade,Buy,20.08,162,14030
2025-07-24T02:19:52.5465429Z,8fd8f651-6920-4cf2-beb6-31f58b9eef1f,Cancel,Buy,20.08,0,0
2025-07-24T02:19:52.5565429Z,28d4e7a1-d582-48b9-a8c0-b263a87ae7d0,Trade,Sell,20.10,1816,684
2025-07-24T02:19:52.5665429Z,88d9a3ea-19c3-49a9-86c1-07b2284e214b,Trade,Sell,20.10,110,0
2025-07-24T02:19:52.5665429Z,28d4e7a1-d582-48b9-a8c0-b263a87ae7d0,Trade,Sell,20.10,62,622
2025-07-24T02:19:52.5765429Z,02518f1b-3d8f-4965-a843-97c79549739b,New,Buy,20.05,0,621
2025-07-24T02:19:52.5865429Z,db955e72-a3b0-4fd0-bfd7-099f31646656,New,Buy,20.07,0,517
2025-07-24T02:19:52.5965429Z,00599a3a-d0eb-4b58-b242-ec0c5841ae22,Trade,Sell,20.10,385,1431
2025-07-24T02:19:52.6065429Z,aa555f24-3792-4aeb-89ac-9d8c0672e027,New,Buy,20.09,0,1499
2025-07-24T02:19:52.6065429Z,5cec7ba5-5c86-40b8-b7d8-8ebb640d4ba0,Cancel,Buy,20.03,0,0
2025-07-24T02:19:52.6165429Z,0e16fef0-e285-4c20-8812-855188524017,Trade,Sell,20.11,771,1729
2025-07-24T02:19:52.6165429Z,175cae2b-3fc3-4925-9786-723f4206b85a,Cancel,Buy,19.98,0,0
2025-07-24T02:19:52.6265429Z,b499ec6a-ba54-4afd-b9cc-7dbc396cdbcd,New,Buy,20.09,0,3713
2025-07-24T02:19:52.6265429Z,38d993bf-7120-415b-a637-5f9e3444185c,Cancel,Buy,20.05,0,0
2025-07-24T02:19:52.6365429Z,858ba812-6f5f-4f68-a3b3-9ac4870d052d,New,Buy,20.10,0,440
2025-07-24T02:19:52.6465429Z,858ba812-6f5f-4f68-a3b3-9ac4870d052d,Trade,Buy,20.10,220,220
2025-07-24T02:19:52.6565429Z,f224bdda-d142-4b72-977c-08abeb098a56,Trade,Sell,20.11,2187,0
2025-07-24T02:19:52.6565429Z,9272e60e-0b9e-4fd9-abf6-a3e8c1d4b7a5,Trade,Sell,20.12,2500,0
2025-07-24T02:19:52.6565429Z,5dfca3b3-2f58-462f-97c9-61eb3d91f4d7,Trade,Sell,20.13,2135,17
2025-07-24T02:19:52.6565429Z,6b7e063b-13ec-47af-8c29-b1234c336f38,Cancel,Buy,20.00,0,0
2025-07-24T02:19:52.6665429Z,1dbb1fd2-5fa5-4a0b-ab2a-cbeeba8d1ef4,Trade,Buy,20.10,348,2152
2025-07-24T02:19:52.6765429Z,83fc2a99-b3d8-48d8-b051-946103e6d287,Trade,Sell,20.12,540,1960
2025-07-24T02:19:52.6865429Z,83fc2a99-b3d8-48d8-b051-946103e6d287,Trade,Sell,20.12,1960,0
2025-07-24T02:19:52.6865429Z,912e07fa-e559-403e-b07e-2478a9311d0a,Trade,Sell,20.12,540,0
2025-07-24T02:19:52.6865429Z,a96ecc35-79f6-473f-9682-6a44cf95a90e,Trade,Sell,20.13,1544,608
2025-07-24T02:19:52.6965429Z,53008f6a-4d34-4b39-8bec-e5974449bf88,New,Buy,20.09,0,2337
2025-07-24T02:19:52.7065429Z,7d2f3335-05a8-4980-9593-736844046947,New,Sell,20.14,0,2982
2025-07-24T02:19:52.7165429Z,b57ad55d-57e3-4fbc-b846-6ca3b58ad82a,New,Sell,20.12,0,5877
2025-07-24T02:19:52.7265429Z,371932d3-40a7-4e8c-80ec-f4849f75ed66,New,Buy,20.11,0,917
2025-07-24T02:19:52.7365429Z,c1f4617f-065f-49f9-bde1-85a352932b8d,New,Buy,20.11,0,195
2025-07-24T02:19:52.7465429Z,e1b37a14-583c-4ab6-8eef-d1b97408ae53,New,Sell,20.12,0,833
2025-07-24T02:19:52.7565429Z,103a999a-4d28-4a2d-a99f-56254685fff3,New,Buy,20.10,0,242
2025-07-24T02:19:52.7565429Z,672294e1-948d-4ee1-8a92-2c925e1d976a,Cancel,Buy,19.98,0,0
2025-07-24T02:19:52.7665429Z,129ba0cf-b91f-44e5-98d3-31b8f37002b2,New,Sell,20.12,0,827
2025-07-24T02:19:52.7765429Z,05962bb7-af6b-4d3e-b46d-85d599ca1301,New,Sell,20.15,0,3712
2025-07-24T02:19:52.7865429Z,13e7920a-7136-47d5-988f-e7a378d23bb5,New,Buy,20.11,0,1440
2025-07-24T02:19:52.7965429Z,763f951f-6313-4c14-b576-905e3984ecfd,New,Buy,20.11,0,7180
2025-07-24T02:19:52.8065429Z,b57ad55d-57e3-4fbc-b846-6ca3b58ad82a,Trade,Sell,20.12,1040,4837
2025-07-24T02:19:52.8065429Z,103a999a-4d28-4a2d-a99f-56254685fff3,Cancel,Buy,20.10,0,0
2025-07-24T02:19:52.8065429Z,9aa6aecf-e4dd-431a-b115-5ac760dd47b2,Cancel,Buy,20.08,0,0
2025-07-24T02:19:52.8165429Z,75581d58-0171-4700-b2bb-44a313fef254,New,Sell,20.12,0,290
2025-07-24T02:19:52.8265429Z,e1b37a14-583c-4ab6-8eef-d1b97408ae53,Trade,Sell,20.12,833,0
2025-07-24T02:19:52.8265429Z,129ba0cf-b91f-44e5-98d3-31b8f37002b2,Trade,Sell,20.12,259,568
2025-07-24T02:19:52.8265429Z,624d2a07-f3c8-4f30-9157-444664fa6ebd,Cancel,Sell,20.15,0,0
2025-07-24T02:19:52.8365429Z,371932d3-40a7-4e8c-80ec-f4849f75ed66,Trade,Buy,20.11,917,0
2025-07-24T02:19:52.8365429Z,c1f4617f-065f-49f9-bde1-85a352932b8d,Trade,Buy,20.11,195,0
2025-07-24T02:19:52.8365429Z,13e7920a-7136-47d5-988f-e7a378d23bb5,Trade,Buy,20.11,1440,0
2025-07-24T02:19:52.8365429Z,763f951f-6313-4c14-b576-905e3984ecfd,Trade,Buy,20.11,1052,6128
2025-07-24T02:19:52.8365429Z,d08bd144-b41a-40d4-a88d-01d6b79cf820,Cancel,Buy,20.05,0,0
2025-07-24T02:19:52.8465429Z,b57ad55d-57e3-4fbc-b846-6ca3b58ad82a,Trade,Sell,20.12,1731,3106
2025-07-24T02:19:52.8565429Z,3a0b120f-7533-4f84-89df-ef498beaaf07,New,Buy,20.10,0,326
2025-07-24T02:19:52.8565429Z,a4cc795a-8acc-4c20-9d7f-34ccb7a5f68d,Cancel,Buy,20.07,0,0
2025-07-24T02:19:52.8665429Z,823d8126-3556-45e2-a16e-3ad653fc7088,New,Buy,20.11,0,2487
2025-07-24T02:19:52.8765429Z,701a0b57-becc-4acf-b711-f87a028a0a91,New,Sell,20.13,0,2156
2025-07-24T02:19:52.8865429Z,c4b411dd-6213-4df7-b7d1-f4f3ce5d9e03,New,Buy,20.11,0,715
2025-07-24T02:19:52.8965429Z,763f951f-6313-4c14-b576-905e3984ecfd,Trade,Buy,20.11,6128,0
2025-07-24T02:19:52.8965429Z,823d8126-3556-45e2-a16e-3ad653fc7088,Trade,Buy,20.11,2487,0
2025-07-24T02:19:52.8965429Z,c4b411dd-6213-4df7-b7d1-f4f3ce5d9e03,Trade,Buy,20.11,715,0
2025-07-24T02:19:52.8965429Z,d0453f08-1bc5-46e0-ba8c-b304b9af2716,Trade,Buy,20.11,1365,1135
2025-07-24T02:19:52.8965429Z,4914d40c-50bc-4120-8f00-bae048af28d5,Cancel,Buy,20.09,0,0
2025-07-24T02:19:52.9065429Z,0873476f-f086-4b73-84f5-b4f34fe6acfc,Trade,Buy,20.10,679,1821
2025-07-24T02:19:52.9165429Z,75581d58-0171-4700-b2bb-44a313fef254,Trade,Sell,20.12,290,0
2025-07-24T02:19:52.9165429Z,129ba0cf-b91f-44e5-98d3-31b8f37002b2,Trade,Sell,20.12,568,0
2025-07-24T02:19:52.9165429Z,b57ad55d-57e3-4fbc-b846-6ca3b58ad82a,Trade,Sell,20.12,129,2977
2025-07-24T02:19:52.9265429Z,9307bc09-6775-491f-854a-8eb5765ece68,New,Buy,20.08,0,4227
2025-07-24T02:19:52.9265429Z,3e0a4070-921a-4d09-8420-2cbba16fb64d,Cancel,Buy,20.07,0,0
2025-07-24T02:19:52.9365429Z,cb838d68-88ab-4391-9d39-91b4d08a16c1,New,Sell,20.12,0,2628
2025-07-24T02:19:52.9465429Z,d03fe79a-9b80-4b6f-9b9f-26795fa3bee2,Trade,Buy,20.10,835,1665
2025-07-24T02:19:52.9565429Z,b57ad55d-57e3-4fbc-b846-6ca3b58ad82a,Trade,Sell,20.12,374,2603
2025-07-24T02:19:52.9565429Z,5ae77144-01a4-4c34-8d2c-cba44cd773cf,Cancel,Buy,20.07,0,0
2025-07-24T02:19:52.9665429Z,638d484c-7ed7-4b61-b464-96ff25097d50,New,Buy,20.11,0,624
2025-07-24T02:19:52.9665429Z,80c0e519-ffb1-48b1-9a72-7529a4bb1661,Cancel,Sell,20.13,0,0
2025-07-24T02:19:52.9665429Z,d3821a62-fd17-45fa-89e0-c046d2156dca,Cancel,Buy,20.04,0,0
2025-07-24T02:19:52.9765429Z,7b4d325c-6883-4ad5-b187-3876f16ee79d,New,Sell,20.12,0,100
2025-07-24T02:19:52.9765429Z,5d1acb71-139d-406b-b2d1-47cd7f6d23ce,Cancel,Buy,20.00,0,0
2025-07-24T02:19:52.9765429Z,1afaa308-41e9-45f2-a19f-5fe3d7292876,Cancel,Buy,20.00,0,0
2025-07-24T02:19:52.9765429Z,4f887101-3f65-4964-bf7f-35a1a686ff47,Cancel,Buy,20.10,0,0
2025-07-24T02:19:52.9865429Z,2651544b-e468-4605-ac44-f16fe882b41e,New,Buy,20.11,0,2949
2025-07-24T02:19:52.9965429Z,cb838d68-88ab-4391-9d39-91b4d08a16c1,Trade,Sell,20.12,199,2429
2025-07-24T02:19:53.0065429Z,3bcfd3a2-3403-4142-8b64-90390c94bf54,New,Sell,20.14,0,1852
2025-07-24T02:19:53.0065429Z,d530e8bf-d05c-4eb4-86c2-e34cc4918fc6,Cancel,Buy,20.00,0,0
2025-07-24T02:19:53.0065429Z,3ebfcf0d-8649-4420-92b1-14f31c31b51c,Cancel,Buy,20.00,0,0
2025-07-24T02:19:53.0165429Z,b57ad55d-57e3-4fbc-b846-6ca3b58ad82a,Trade,Sell,20.12,541,2062
2025-07-24T02:19:53.0265429Z,284873ac-9c74-4a1c-aaa2-f88eda7d21e1,New,Buy,20.10,0,449
2025-07-24T02:19:53.0365429Z,2ce160bb-1dd2-44f5-8545-e4266415ad59,New,Buy,20.09,0,1350
2025-07-24T02:19:53.0365429Z,a50394f5-7a9b-4ebe-9ab4-ea155062d8b3,Cancel,Buy,20.00,0,0
2025-07-24T02:19:53.0465429Z,638d484c-7ed7-4b61-b464-96ff25097d50,Trade,Buy,20.11,624,0
2025-07-24T02:19:53.0465429Z,2651544b-e468-4605-ac44-f16fe882b41e,Trade,Buy,20.11,115,2834
2025-07-24T02:19:53.0465429Z,36cbcfa5-dbbf-46df-8226-12ad1e58b549,Cancel,Sell,20.22,0,0
2025-07-24T02:19:53.0565429Z,38ddf34a-8745-403f-ae0c-a314f83c599c,New,Buy,20.11,0,568
2025-07-24T02:19:53.0665429Z,bee347f8-9790-4295-ab45-7b2f4daeaeae,New,Sell,20.12,0,1591
2025-07-24T02:19:53.0765429Z,489ba35d-ff7c-4a1f-a710-307c350a361f,New,Sell,20.13,0,1412
2025-07-24T02:19:53.0865429Z,23f77997-78d6-4e61-a8f1-83d54b25da04,New,Buy,20.11,0,369
2025-07-24T02:19:53.0865429Z,a004e86c-d96b-4640-b829-48beab805f81,Cancel,Buy,20.06,0,0
2025-07-24T02:19:53.0865429Z,f9c9185e-e3d0-490d-adb4-219e03576987,Cancel,Buy,20.02,0,0
2025-07-24T02:19:53.0965429Z,7b4d325c-6883-4ad5-b187-3876f16ee79d,Trade,Sell,20.12,100,0
2025-07-24T02:19:53.0965429Z,cb838d68-88ab-4391-9d39-91b4d08a16c1,Trade,Sell,20.12,2429,0
2025-07-24T02:19:53.0965429Z,b57ad55d-57e3-4fbc-b846-6ca3b58ad82a,Trade,Sell,20.12,2062,0
2025-07-24T02:19:53.0965429Z,bee347f8-9790-4295-ab45-7b2f4daeaeae,Trade,Sell,20.12,1591,0
2025-07-24T02:19:53.0965429Z,f68fd264-fd7c-42b5-ac30-cebb04c7cb91,Trade,Sell,20.13,1428,1072
2025-07-24T02:19:53.1065429Z,2651544b-e468-4605-ac44-f16fe882b41e,Trade,Buy,20.11,1881,953
2025-07-24T02:19:53.1165429Z,0592e609-81ea-4fc0-bffc-c22833f88700,Trade,Sell,20.13,2335,165
2025-07-24T02:19:53.1265429Z,a1ef307c-41aa-4572-a20e-59fe3e19706c,Trade,Sell,20.13,545,1955
2025-07-24T02:19:53.1365429Z,38ddf34a-8745-403f-ae0c-a314f83c599c,Trade,Buy,20.11,568,0
2025-07-24T02:19:53.1365429Z,23f77997-78d6-4e61-a8f1-83d54b25da04,Trade,Buy,20.11,369,0
2025-07-24T02:19:53.1365429Z,2651544b-e468-4605-ac44-f16fe882b41e,Trade,Buy,20.11,34,919
2025-07-24T02:19:53.1365429Z,0b78290c-958b-4196-b1ed-7880fd549edc,Cancel,Sell,20.22,0,0
2025-07-24T02:19:53.1365429Z,8f51c510-47a3-4159-bfb8-1637262f3dca,Cancel,Buy,20.07,0,0
2025-07-24T02:19:53.1465429Z,cc482447-bb86-4a86-a0f4-47d70850e26f,New,Sell,20.12,0,1092
2025-07-24T02:19:53.1465429Z,b499ec6a-ba54-4afd-b9cc-7dbc396cdbcd,Cancel,Buy,20.09,0,0
2025-07-24T02:19:53.1565429Z,2651544b-e468-4605-ac44-f16fe882b41e,Trade,Buy,20.11,696,223
2025-07-24T02:19:53.1665429Z,af63b8b1-72b9-4486-977b-09fa5cda0c7f,New,Sell,20.14,0,8936
2025-07-24T02:19:53.1665429Z,57d36a17-9e1b-4923-a792-dd2a72b19f68,Cancel,Buy,20.04,0,0
2025-07-24T02:19:53.1765429Z,312d8bf0-70fe-4029-b3d4-22ed19a47b87,New,Sell,20.13,0,2871
2025-07-24T02:19:53.1865429Z,2651544b-e468-4605-ac44-f16fe882b41e,Trade,Buy,20.11,223,0
2025-07-24T02:19:53.1865429Z,19c14aa8-3afb-4562-904d-3327ca5c5060,Trade,Buy,20.11,476,2024
2025-07-24T02:19:53.1965429Z,cc482447-bb86-4a86-a0f4-47d70850e26f,Trade,Sell,20.12,469,623
2025-07-24T02:19:53.2065429Z,2f50a024-8cb7-47c5-930e-dce7f36708fc,Trade,Buy,20.10,495,2005
2025-07-24T02:19:53.2065429Z,91c8f318-1ec6-4c20-a301-e36583fd11cb,Cancel,Buy,20.07,0,0
2025-07-24T02:19:53.2165429Z,b8a40536-347f-4ac7-9fa2-9a2365b0837f,New,Sell,20.11,0,486
2025-07-24T02:19:53.2265429Z,b8a40536-347f-4ac7-9fa2-9a2365b0837f,Trade,Sell,20.11,101,385
2025-07-24T02:19:53.2265429Z,ec0a5206-5a69-4c9b-96d7-6d1688111855,Cancel,Sell,20.18,0,0
2025-07-24T02:19:53.2365429Z,b8a40536-347f-4ac7-9fa2-9a2365b0837f,Trade,Sell,20.11,385,0
2025-07-24T02:19:53.2365429Z,2882d99d-9cfb-4274-808d-1d616f2f65b7,Trade,Sell,20.12,2500,0
2025-07-24T02:19:53.2365429Z,cc482447-bb86-4a86-a0f4-47d70850e26f,Trade,Sell,20.12,623,0
2025-07-24T02:19:53.2365429Z,8900a778-0f9e-4f43-aae0-a6d277c18246,Trade,Sell,20.13,2152,0
2025-07-24T02:19:53.2365429Z,701a0b57-becc-4acf-b711-f87a028a0a91,Trade,Sell,20.13,1466,690
2025-07-24T02:19:53.2465429Z,33f3cb64-a1ce-4543-aa89-15864c36fbad,Trade,Sell,20.13,1859,641
2025-07-24T02:19:53.2565429Z,13373e05-4ee4-4d3e-aaf8-475b5caaa6cb,New,Sell,20.12,0,373
2025-07-24T02:19:53.2665429Z,e0efba6a-3267-4997-9319-af650bb0f0fa,Trade,Buy,20.10,968,1532
2025-07-24T02:19:53.2765429Z,818dd241-3a24-47e5-bbc3-3e52dc8d4d65,Trade,Buy,20.10,278,2222
2025-07-24T02:19:53.2865429Z,13373e05-4ee4-4d3e-aaf8-475b5caaa6cb,Trade,Sell,20.12,373,0
2025-07-24T02:19:53.2865429Z,348d59df-cba4-4a88-987f-9854046a9726,Trade,Sell,20.12,1441,1059
2025-07-24T02:19:53.2965429Z,7dce76b8-69af-46c3-8683-f947e91fc343,New,Buy,20.10,0,1705
2025-07-24T02:19:53.3065429Z,348d59df-cba4-4a88-987f-9854046a9726,Trade,Sell,20.12,1059,0
2025-07-24T02:19:53.3065429Z,928ffbbb-ca94-47c6-b792-99d9b6e4bd53,Trade,Sell,20.12,1352,89
2025-07-24T02:19:53.3165429Z,0eee11d7-707e-43ab-8726-c7d2bd494f5a,New,Buy,20.09,0,147
2025-07-24T02:19:53.3265429Z,aa9a152d-1a26-4864-9e1f-276af911d513,New,Buy,20.11,0,581
2025-07-24T02:19:53.3365429Z,aa9a152d-1a26-4864-9e1f-276af911d513,Trade,Buy,20.11,581,0
2025-07-24T02:19:53.3365429Z,29f4d93c-1c3c-4e30-9878-ab67bdfbe700,Trade,Buy,20.11,386,2114
2025-07-24T02:19:53.3465429Z,e2727a6a-29c8-4029-83f4-be997a5c0b63,New,Sell,20.12,0,366
2025-07-24T02:19:53.3565429Z,428a42e9-35ad-4d0f-ac6d-b5e408c3321f,New,Sell,20.14,0,7794
2025-07-24T02:19:53.3665429Z,0d56a655-8754-4df5-a480-ddd34bbf5b33,Trade,Buy,20.10,504,1996
2025-07-24T02:19:53.3765429Z,c6c69c74-8fc1-4f23-93a2-96bc90bcff86,New,Buy,20.11,0,748
2025-07-24T02:19:53.3865429Z,e2727a6a-29c8-4029-83f4-be997a5c0b63,Trade,Sell,20.12,366,0
2025-07-24T02:19:53.3865429Z,dc64d728-3c65-4043-a3a1-4c3ea87ee61f,Trade,Sell,20.13,432,2068
2025-07-24T02:19:53.3965429Z,c6c69c74-8fc1-4f23-93a2-96bc90bcff86,Trade,Buy,20.11,748,0
2025-07-24T02:19:53.3965429Z,b6640b47-116f-4f5c-9c6c-871d70a96328,Trade,Buy,20.11,2500,0
2025-07-24T02:19:53.3965429Z,858ba812-6f5f-4f68-a3b3-9ac4870d052d,Trade,Buy,20.10,220,0
2025-07-24T02:19:53.3965429Z,3a0b120f-7533-4f84-89df-ef498beaaf07,Trade,Buy,20.10,326,0
2025-07-24T02:19:53.3965429Z,284873ac-9c74-4a1c-aaa2-f88eda7d21e1,Trade,Buy,20.10,449,0
2025-07-24T02:19:53.3965429Z,7dce76b8-69af-46c3-8683-f947e91fc343,Trade,Buy,20.10,159,1546
2025-07-24T02:19:53.4065429Z,38dc6278-82e8-44f3-a72c-af79d1ffca34,New,Buy,20.11,0,262
2025-07-24T02:19:53.4165429Z,536acbe4-70e7-4d8f-b900-c327fda4d6e0,New,Sell,20.13,0,296
2025-07-24T02:19:53.4265429Z,9fe7c17b-14a1-4a51-accf-342c2e7cb8f4,New,Buy,20.12,0,270
2025-07-24T02:19:53.4365429Z,42df5e81-2eb7-4db9-a3b4-482badb20529,New,Buy,20.11,0,362
2025-07-24T02:19:53.4465429Z,9fe7c17b-14a1-4a51-accf-342c2e7cb8f4,Trade,Buy,20.12,270,0
2025-07-24T02:19:53.4465429Z,7531c5b6-9d2a-4c68-89d2-ebf607bf0ecb,Trade,Buy,20.12,1534,966
2025-07-24T02:19:53.4465429Z,3f641d91-fb41-4169-9117-ce4d12f4c192,Cancel,Buy,20.06,0,0
2025-07-24T02:19:53.4465429Z,9307bc09-6775-491f-854a-8eb5765ece68,Cancel,Buy,20.08,0,0
2025-07-24T02:19:53.4565429Z,dbccb393-f315-4e57-afe7-55e6b3017cd9,New,Sell,20.13,0,2178
2025-07-24T02:19:53.4565429Z,312d8bf0-70fe-4029-b3d4-22ed19a47b87,Cancel,Sell,20.13,0,0
2025-07-24T02:19:53.4665429Z,6925f268-1186-4ce3-9d56-a9fbd27c5688,New,Sell,20.13,0,9525
2025-07-24T02:19:53.4765429Z,5877e288-9b4a-4fe8-82ab-044c79fcb260,New,Sell,20.13,0,1676
2025-07-24T02:19:53.4765429Z,97e37d77-c2ec-4bd1-a709-fc9a7427c0c5,Cancel,Buy,20.00,0,0
2025-07-24T02:19:53.4765429Z,7b40a2cc-268a-4fbd-97a2-290be1c03bca,Cancel,Buy,20.03,0,0
2025-07-24T02:19:53.4865429Z,cfbca2d5-e355-4b5c-b76b-bb1ab4f6de1c,New,Buy,20.12,0,149
2025-07-24T02:19:53.4965429Z,e4f06f56-ce9c-4c1c-8451-e7f0071cd98d,New,Sell,20.14,0,5211
2025-07-24T02:19:53.5065429Z,cfbca2d5-e355-4b5c-b76b-bb1ab4f6de1c,Trade,Buy,20.12,149,0
2025-07-24T02:19:53.5065429Z,8a9ba9bb-9403-424e-9949-a2e403ee5cd4,Trade,Buy,20.12,2500,0
2025-07-24T02:19:53.5065429Z,38dc6278-82e8-44f3-a72c-af79d1ffca34,Trade,Buy,20.11,262,0
2025-07-24T02:19:53.5065429Z,42df5e81-2eb7-4db9-a3b4-482badb20529,Trade,Buy,20.11,293,69
2025-07-24T02:19:53.5165429Z,42df5e81-2eb7-4db9-a3b4-482badb20529,Trade,Buy,20.11,69,0
2025-07-24T02:19:53.5165429Z,0c656d19-32e2-4082-989e-f7b7f5b77815,Trade,Buy,20.11,121,2379
2025-07-24T02:19:53.5265429Z,489ba35d-ff7c-4a1f-a710-307c350a361f,Trade,Sell,20.13,467,945
2025-07-24T02:19:53.5365429Z,511171d4-b933-46a4-ab09-791d96aca104,New,Sell,20.12,0,711
2025-07-24T02:19:53.5465429Z,412710fb-16ec-430a-96ca-68238c90c301,New,Sell,20.11,0,1184
2025-07-24T02:19:53.5565429Z,1a435d8d-64b2-4c1b-8ab1-f8e77d78fbc1,New,Sell,20.11,0,712
2025-07-24T02:19:53.5665429Z,412710fb-16ec-430a-96ca-68238c90c301,Trade,Sell,20.11,1184,0
2025-07-24T02:19:53.5665429Z,1a435d8d-64b2-4c1b-8ab1-f8e77d78fbc1,Trade,Sell,20.11,712,0
2025-07-24T02:19:53.5665429Z,62331ffc-9db2-40b5-8bff-c618cca7a5d3,Trade,Sell,20.12,168,2332
2025-07-24T02:19:53.5765429Z,ed1d999e-b8c6-4fa8-a225-151fb21261b7,New,Buy,20.10,0,1361
2025-07-24T02:19:53.5865429Z,600cf414-f161-43e6-b764-9d651faba21e,Trade,Sell,20.12,2500,0
2025-07-24T02:19:53.5865429Z,511171d4-b933-46a4-ab09-791d96aca104,Trade,Sell,20.12,711,0
2025-07-24T02:19:53.5865429Z,b5e41f5c-9d75-421d-b967-c4f4790792de,Trade,Sell,20.13,781,1371
2025-07-24T02:19:53.5965429Z,baa94067-b8db-4c4b-853e-234e04027098,New,Sell,20.12,0,249
2025-07-24T02:19:53.6065429Z,baa94067-b8db-4c4b-853e-234e04027098,Trade,Sell,20.12,249,0
2025-07-24T02:19:53.6065429Z,c3ab4ef4-4f23-43c5-8ac6-6f3d37b01549,Trade,Sell,20.12,1282,1218
2025-07-24T02:19:53.6165429Z,7223c96e-07a0-48f8-b6f6-55f36d81d955,New,Buy,20.10,0,1037
2025-07-24T02:19:53.6165429Z,1575a5f6-8fc7-4816-a5e9-3f18e51159c4,Cancel,Sell,20.16,0,0
2025-07-24T02:19:53.6265429Z,0ee865cb-48e1-4383-8a5f-ff26a233fb97,New,Sell,20.12,0,2367
2025-07-24T02:19:53.6265429Z,428a42e9-35ad-4d0f-ac6d-b5e408c3321f,Cancel,Sell,20.14,0,0
2025-07-24T02:19:53.6365429Z,8e67ad04-eadc-43fb-b9a4-bf47e90c5b65,New,Buy,20.11,0,2888
2025-07-24T02:19:53.6465429Z,8e67ad04-eadc-43fb-b9a4-bf47e90c5b65,Trade,Buy,20.11,2888,0
2025-07-24T02:19:53.6465429Z,454cc155-29b6-4818-a8f2-43a7d614af53,Trade,Buy,20.11,2500,0
2025-07-24T02:19:53.6465429Z,7dce76b8-69af-46c3-8683-f947e91fc343,Trade,Buy,20.10,37,1509
2025-07-24T02:19:53.6565429Z,154ffe39-93a6-4fbc-bef9-f48f98797741,New,Buy,20.09,0,10087
2025-07-24T02:19:53.6665429Z,0ee865cb-48e1-4383-8a5f-ff26a233fb97,Trade,Sell,20.12,2367,0
2025-07-24T02:19:53.6665429Z,a3b38baa-b18a-4b82-95c9-ac4d0e171ec5,Trade,Sell,20.12,1989,511
2025-07-24T02:19:53.6765429Z,3791c075-8886-4f5b-b1a3-d54a7512312c,New,Buy,20.10,0,981
2025-07-24T02:19:53.6865429Z,ed1d999e-b8c6-4fa8-a225-151fb21261b7,Trade,Buy,20.10,727,634
2025-07-24T02:19:53.6865429Z,458504ac-5b1e-43a4-9a2b-1d7323e3bd96,Cancel,Buy,19.92,0,0
2025-07-24T02:19:53.6865429Z,f1a5e5b4-7d8d-4f77-b235-e2893a58e6c8,Cancel,Buy,19.98,0,0
2025-07-24T02:19:53.6965429Z,99e8db9b-8ec6-47de-92f4-9bd46ead6a2a,New,Buy,20.11,0,561
2025-07-24T02:19:53.6965429Z,9f15c0f1-0217-4210-9675-b0e27ef7ba83,Cancel,Buy,20.02,0,0
2025-07-24T02:19:53.6965429Z,6668a399-2a1c-4091-835a-dc55007b9e05,Cancel,Buy,20.01,0,0
2025-07-24T02:19:53.6965429Z,e4f06f56-ce9c-4c1c-8451-e7f0071cd98d,Cancel,Sell,20.14,0,0
2025-07-24T02:19:53.7065429Z,3ff7e785-7cfa-4687-9abd-f4579328b565,New,Sell,20.13,0,9567
2025-07-24T02:19:53.7165429Z,cf501385-0d8f-4b5b-9191-7bb9a7155838,New,Buy,20.12,0,628
2025-07-24T02:19:53.7265429Z,701a0b57-becc-4acf-b711-f87a028a0a91,Trade,Sell,20.13,690,0
2025-07-24T02:19:53.7265429Z,536acbe4-70e7-4d8f-b900-c327fda4d6e0,Trade,Sell,20.13,296,0
2025-07-24T02:19:53.7265429Z,dbccb393-f315-4e57-afe7-55e6b3017cd9,Trade,Sell,20.13,1224,954
2025-07-24T02:19:53.7365429Z,f929a546-2315-428b-8e48-e10ec13f3441,New,Sell,20.13,0,294
2025-07-24T02:19:53.7465429Z,6925f268-1186-4ce3-9d56-a9fbd27c5688,Trade,Sell,20.13,601,8924
2025-07-24T02:19:53.7565429Z,fca7670a-dbcc-4e21-84d5-b2d2ad1eb418,New,Sell,20.13,0,1170
2025-07-24T02:19:53.7665429Z,cf501385-0d8f-4b5b-9191-7bb9a7155838,Trade,Buy,20.12,628,0
2025-07-24T02:19:53.7665429Z,f04ac1b9-c460-45bd-841f-b76848df4f46,Trade,Buy,20.12,205,2295
2025-07-24T02:19:53.7765429Z,db3769e5-6d81-48e4-b451-3a4f3516669d,New,Sell,20.13,0,10424
2025-07-24T02:19:53.7865429Z,5877e288-9b4a-4fe8-82ab-044c79fcb260,Trade,Sell,20.13,1676,0
2025-07-24T02:19:53.7865429Z,489ba35d-ff7c-4a1f-a710-307c350a361f,Trade,Sell,20.13,945,0
2025-07-24T02:19:53.7865429Z,3ff7e785-7cfa-4687-9abd-f4579328b565,Trade,Sell,20.13,1182,8385
2025-07-24T02:19:53.7965429Z,2de00ec0-4576-4d20-9340-0b4cbc650b33,New,Sell,20.14,0,68
2025-07-24T02:19:53.8065429Z,dbccb393-f315-4e57-afe7-55e6b3017cd9,Trade,Sell,20.13,954,0
2025-07-24T02:19:53.8065429Z,f929a546-2315-428b-8e48-e10ec13f3441,Trade,Sell,20.13,294,0
2025-07-24T02:19:53.8065429Z,6925f268-1186-4ce3-9d56-a9fbd27c5688,Trade,Sell,20.13,57,8867
2025-07-24T02:19:53.8065429Z,0c48818c-2c33-42b9-8e16-989a9d059f4d,Cancel,Buy,20.07,0,0
2025-07-24T02:19:53.8065429Z,6f7da093-778f-48ed-9692-1e26124c7737,Cancel,Sell,20.19,0,0
2025-07-24T02:19:53.8165429Z,72fa9867-61a9-4ff8-b02f-e29f4974a88c,New,Buy,20.12,0,5688
2025-07-24T02:19:53.8265429Z,72fa9867-61a9-4ff8-b02f-e29f4974a88c,Trade,Buy,20.12,118,5570
2025-07-24T02:19:53.8365429Z,fca7670a-dbcc-4e21-84d5-b2d2ad1eb418,Trade,Sell,20.13,886,284
2025-07-24T02:19:53.8465429Z,53013a40-e121-43df-99c0-9b853091d8dd,New,Sell,20.14,0,1437
2025-07-24T02:19:53.8465429Z,aa555f24-3792-4aeb-89ac-9d8c0672e027,Cancel,Buy,20.09,0,0
2025-07-24T02:19:53.8565429Z,0377a605-798c-404f-9a42-836ff6dac4c3,New,Sell,20.13,0,1498
2025-07-24T02:19:53.8665429Z,fc04b1df-9b11-44ea-8058-3a2344dde6aa,New,Sell,20.15,0,713
2025-07-24T02:19:53.8765429Z,72fa9867-61a9-4ff8-b02f-e29f4974a88c,Trade,Buy,20.12,925,4645
2025-07-24T02:19:53.8765429Z,af79a617-be21-470a-994b-f264a6d9ddab,Cancel,Buy,20.01,0,0
2025-07-24T02:19:53.8765429Z,20f6980e-72b0-40f6-9b08-6a7d270ed2cc,Cancel,Buy,19.99,0,0
2025-07-24T02:19:53.8865429Z,66334746-f126-4cb3-8509-252906a30336,New,Buy,20.12,0,2063
2025-07-24T02:19:53.8965429Z,e7d8e9c7-63eb-4b9e-8fc3-d0bcbd99d9ac,New,Buy,20.10,0,2267
2025-07-24T02:19:53.9065429Z,03dec220-82ac-4a84-83bd-45275e8b7875,New,Sell,20.13,0,403
2025-07-24T02:19:53.9065429Z,de8cbfa5-8553-4c4d-9527-41e496336161,Cancel,Sell,20.15,0,0
2025-07-24T02:19:53.9165429Z,db3769e5-6d81-48e4-b451-3a4f3516669d,Trade,Sell,20.13,3102,7322
2025-07-24T02:19:53.9265429Z,241f2e27-d42d-47ac-b931-54f1906f885f,New,Buy,20.12,0,130
2025-07-24T02:19:53.9365429Z,72fa9867-61a9-4ff8-b02f-e29f4974a88c,Trade,Buy,20.12,467,4178
2025-07-24T02:19:53.9365429Z,05962bb7-af6b-4d3e-b46d-85d599ca1301,Cancel,Sell,20.15,0,0
2025-07-24T02:19:53.9465429Z,66334746-f126-4cb3-8509-252906a30336,Trade,Buy,20.12,352,1711
2025-07-24T02:19:53.9565429Z,3ff7e785-7cfa-4687-9abd-f4579328b565,Trade,Sell,20.13,1173,7212
2025-07-24T02:19:53.9565429Z,fc04b1df-9b11-44ea-8058-3a2344dde6aa,Cancel,Sell,20.15,0,0
2025-07-24T02:19:53.9665429Z,6925f268-1186-4ce3-9d56-a9fbd27c5688,Trade,Sell,20.13,401,8466
2025-07-24T02:19:53.9765429Z,241f2e27-d42d-47ac-b931-54f1906f885f,Trade,Buy,20.12,130,0
2025-07-24T02:19:53.9765429Z,72fa9867-61a9-4ff8-b02f-e29f4974a88c,Trade,Buy,20.12,381,3797
2025-07-24T02:19:53.9765429Z,2a3ae2e0-d96f-4851-955c-29028585ece4,Cancel,Buy,20.06,0,0
2025-07-24T02:19:53.9865429Z,65839e3d-0722-464c-b7de-947c67e80992,New,Buy,20.12,0,1765
2025-07-24T02:19:53.9965429Z,fca7670a-dbcc-4e21-84d5-b2d2ad1eb418,Trade,Sell,20.13,284,0
2025-07-24T02:19:53.9965429Z,0377a605-798c-404f-9a42-836ff6dac4c3,Trade,Sell,20.13,706,792
2025-07-24T02:19:53.9965429Z,e7d8e9c7-63eb-4b9e-8fc3-d0bcbd99d9ac,Cancel,Buy,20.10,0,0
2025-07-24T02:19:54.0065429Z,03dec220-82ac-4a84-83bd-45275e8b7875,Trade,Sell,20.13,403,0
2025-07-24T02:19:54.0065429Z,db3769e5-6d81-48e4-b451-3a4f3516669d,Trade,Sell,20.13,836,6486
2025-07-24T02:19:54.0165429Z,bf85612c-9f84-4458-acdd-ecc642a7aeac,New,Sell,20.14,0,791
2025-07-24T02:19:54.0165429Z,42c5d886-ad97-4030-a612-eca8836aa4b6,Cancel,Buy,20.04,0,0
2025-07-24T02:19:54.0265429Z,3ff7e785-7cfa-4687-9abd-f4579328b565,Trade,Sell,20.13,651,6561
2025-07-24T02:19:54.0365429Z,6925f268-1186-4ce3-9d56-a9fbd27c5688,Trade,Sell,20.13,2256,6210
2025-07-24T02:19:54.0465429Z,9c714951-eea0-443b-99bb-97ca074788f2,New,Sell,20.14,0,3439
2025-07-24T02:19:54.0565429Z,57d2f6db-959b-448b-bff8-45d362772879,New,Sell,20.14,0,110
2025-07-24T02:19:54.0665429Z,c55032a9-7e4c-43ce-978f-66a51bf5b0f2,New,Buy,20.12,0,510
2025-07-24T02:19:54.0765429Z,708cddd6-2602-4673-8779-4b086ce817e7,New,Sell,20.14,0,1165
2025-07-24T02:19:54.0865429Z,346652b8-631a-4a14-86e8-5c9e45d0b787,New,Buy,20.11,0,274
2025-07-24T02:19:54.0865429Z,7dce76b8-69af-46c3-8683-f947e91fc343,Cancel,Buy,20.10,0,0
2025-07-24T02:19:54.0965429Z,66334746-f126-4cb3-8509-252906a30336,Trade,Buy,20.12,105,1606
2025-07-24T02:19:54.1065429Z,23fe6504-c9a9-45b8-9953-d95c7cc38ef6,New,Sell,20.13,0,587
2025-07-24T02:19:54.1165429Z,290a49d2-7339-406d-bdb2-8299eafc76d7,New,Sell,20.15,0,1713
2025-07-24T02:19:54.1265429Z,0b83d53f-8df9-4d35-920a-4849cc518f16,New,Sell,20.14,0,612
2025-07-24T02:19:54.1365429Z,0377a605-798c-404f-9a42-836ff6dac4c3,Trade,Sell,20.13,775,17
2025-07-24T02:19:54.1465429Z,5920cde2-f381-45ab-b4c9-97f7e78fa2ac,New,Buy,20.10,0,4312
2025-07-24T02:19:54.1465429Z,72ef846a-27ee-4232-84b5-9746ac9d42a4,Cancel,Buy,19.99,0,0
2025-07-24T02:19:54.1565429Z,82917a02-ab20-465b-ad04-2f378abcf6d4,New,Sell,20.13,0,682
2025-07-24T02:19:54.1665429Z,2b9a0083-f2e2-4be6-974d-c5783dc86e21,New,Buy,20.12,0,2370
2025-07-24T02:19:54.1765429Z,d8fff3b8-a34e-4ab8-b1fc-6e42dc96a608,New,Sell,20.13,0,256
2025-07-24T02:19:54.1765429Z,7d2f3335-05a8-4980-9593-736844046947,Cancel,Sell,20.14,0,0
2025-07-24T02:19:54.1865429Z,1a7a0537-49aa-40e5-860e-223711ab7688,New,Sell,20.14,0,768
2025-07-24T02:19:54.1865429Z,5920cde2-f381-45ab-b4c9-97f7e78fa2ac,Cancel,Buy,20.10,0,0
2025-07-24T02:19:54.1865429Z,53008f6a-4d34-4b39-8bec-e5974449bf88,Cancel,Buy,20.09,0,0
2025-07-24T02:19:54.1965429Z,1e3033b9-0895-4c0b-b972-c239e3e85a61,New,Buy,20.12,0,577
2025-07-24T02:19:54.2065429Z,db3769e5-6d81-48e4-b451-3a4f3516669d,Trade,Sell,20.13,686,5800
2025-07-24T02:19:54.2165429Z,72fa9867-61a9-4ff8-b02f-e29f4974a88c,Trade,Buy,20.12,379,3418
2025-07-24T02:19:54.2165429Z,1e3033b9-0895-4c0b-b972-c239e3e85a61,Cancel,Buy,20.12,0,0
2025-07-24T02:19:54.2165429Z,b9ee6300-c8c7-4a13-b75c-087aa6318b68,Cancel,Buy,20.12,0,0
2025-07-24T02:19:54.2165429Z,0eee11d7-707e-43ab-8726-c7d2bd494f5a,Cancel,Buy,20.09,0,0
2025-07-24T02:19:54.2165429Z,2cb6c16c-6f8b-48ab-996c-097066f130c7,Cancel,Buy,20.05,0,0
2025-07-24T02:19:54.2165429Z,7fc2a6ca-054a-47e8-988c-d3803aa64403,Cancel,Sell,20.18,0,0
2025-07-24T02:19:54.2265429Z,6af553d1-c507-4506-acea-14d87eabc787,New,Sell,20.14,0,1112
2025-07-24T02:19:54.2365429Z,65839e3d-0722-464c-b7de-947c67e80992,Trade,Buy,20.12,1765,0
2025-07-24T02:19:54.2365429Z,c55032a9-7e4c-43ce-978f-66a51bf5b0f2,Trade,Buy,20.12,510,0
2025-07-24T02:19:54.2365429Z,66334746-f126-4cb3-8509-252906a30336,Trade,Buy,20.12,408,1198
2025-07-24T02:19:54.2465429Z,2b9a0083-f2e2-4be6-974d-c5783dc86e21,Trade,Buy,20.12,975,1395
2025-07-24T02:19:54.2465429Z,4361570c-588b-4d91-b3f0-f03b50dd725c,Cancel,Buy,20.09,0,0
2025-07-24T02:19:54.2565429Z,3ff7e785-7cfa-4687-9abd-f4579328b565,Trade,Sell,20.13,410,6151
2025-07-24T02:19:54.2665429Z,4b413d55-5ba5-49a2-b018-fa56b39c0d88,New,Sell,20.15,0,659
2025-07-24T02:19:54.2765429Z,6925f268-1186-4ce3-9d56-a9fbd27c5688,Trade,Sell,20.13,342,5868
2025-07-24T02:19:54.2865429Z,2d2af79f-bdfe-4cb1-baf4-b366f6202a41,New,Buy,20.10,0,205
2025-07-24T02:19:54.2965429Z,2e34f2ab-e986-41e4-b40c-b979fe68074b,New,Sell,20.14,0,1773
2025-07-24T02:19:54.3065429Z,23fe6504-c9a9-45b8-9953-d95c7cc38ef6,Trade,Sell,20.13,393,194
2025-07-24T02:19:54.3165429Z,72fa9867-61a9-4ff8-b02f-e29f4974a88c,Trade,Buy,20.12,2947,471
2025-07-24T02:19:54.3265429Z,023346ed-e67a-4c6c-a083-e7b54748f292,New,Sell,20.13,0,1350
2025-07-24T02:19:54.3265429Z,99e8db9b-8ec6-47de-92f4-9bd46ead6a2a,Cancel,Buy,20.11,0,0
2025-07-24T02:19:54.3365429Z,9662d0a1-8a3d-4011-b9a5-ff21130fd39e,New,Buy,20.12,0,822
2025-07-24T02:19:54.3365429Z,1bde773b-8ff7-4df1-8342-eb2f274f19ae,Cancel,Buy,20.05,0,0
2025-07-24T02:19:54.3465429Z,6029dbf7-68d7-4ded-9f50-a7a19131df1f,New,Sell,20.13,0,391
2025-07-24T02:19:54.3565429Z,6577e4bf-e29c-41ed-ad67-050bc2ec4254,New,Buy,20.11,0,721
2025-07-24T02:19:54.3665429Z,0377a605-798c-404f-9a42-836ff6dac4c3,Trade,Sell,20.13,17,0
2025-07-24T02:19:54.3665429Z,82917a02-ab20-465b-ad04-2f378abcf6d4,Trade,Sell,20.13,682,0
2025-07-24T02:19:54.3665429Z,d8fff3b8-a34e-4ab8-b1fc-6e42dc96a608,Trade,Sell,20.13,256,0
2025-07-24T02:19:54.3665429Z,db3769e5-6d81-48e4-b451-3a4f3516669d,Trade,Sell,20.13,5800,0
2025-07-24T02:19:54.3665429Z,3ff7e785-7cfa-4687-9abd-f4579328b565,Trade,Sell,20.13,274,5877
2025-07-24T02:19:54.3765429Z,0a9d8bb2-f5d4-4ae9-bf5b-7c45c0084192,New,Buy,20.12,0,467
2025-07-24T02:19:54.3865429Z,66334746-f126-4cb3-8509-252906a30336,Trade,Buy,20.12,1198,0
2025-07-24T02:19:54.3865429Z,2b9a0083-f2e2-4be6-974d-c5783dc86e21,Trade,Buy,20.12,140,1255
2025-07-24T02:19:54.3865429Z,5c537a1f-42d5-4c38-b249-58bf6d31454b,Cancel,Sell,20.19,0,0
2025-07-24T02:19:54.3965429Z,6925f268-1186-4ce3-9d56-a9fbd27c5688,Trade,Sell,20.13,179,5689
2025-07-24T02:19:54.3965429Z,af63b8b1-72b9-4486-977b-09fa5cda0c7f,Cancel,Sell,20.14,0,0
2025-07-24T02:19:54.4065429Z,23fe6504-c9a9-45b8-9953-d95c7cc38ef6,Trade,Sell,20.13,194,0
2025-07-24T02:19:54.4065429Z,023346ed-e67a-4c6c-a083-e7b54748f292,Trade,Sell,20.13,138,1212
2025-07-24T02:19:54.4165429Z,c7d332c7-0acd-477e-bc28-3dcdfe444911,New,Sell,20.13,0,1002
2025-07-24T02:19:54.4265429Z,2e4bd73e-8c83-4711-83ba-6561a988129a,New,Buy,20.12,0,372
2025-07-24T02:19:54.4365429Z,3a08b516-9206-4f0a-b989-20a397d7ad11,New,Buy,20.11,0,3641
2025-07-24T02:19:54.4365429Z,57d2f6db-959b-448b-bff8-45d362772879,Cancel,Sell,20.14,0,0
2025-07-24T02:19:54.4365429Z,67b773aa-5ff0-4b15-9f34-ad47220d8f27,Cancel,Buy,20.01,0,0
2025-07-24T02:19:54.4365429Z,0b83d53f-8df9-4d35-920a-4849cc518f16,Cancel,Sell,20.14,0,0
2025-07-24T02:19:54.4365429Z,37858067-3704-421b-a476-adceaeb6dbb2,Cancel,Buy,20.11,0,0
2025-07-24T02:19:54.4465429Z,927281f0-0db6-4bd8-bbf2-07b61f30df3a,New,Buy,20.10,0,2020
2025-07-24T02:19:54.4465429Z,2d2af79f-bdfe-4cb1-baf4-b366f6202a41,Cancel,Buy,20.10,0,0
2025-07-24T02:19:54.4565429Z,952cdf4f-97e5-4a4f-abce-1ab4e8fe0190,New,Buy,20.10,0,3735
2025-07-24T02:19:54.4665429Z,72fa9867-61a9-4ff8-b02f-e29f4974a88c,Trade,Buy,20.12,426,45
2025-07-24T02:19:54.4665429Z,3791c075-8886-4f5b-b1a3-d54a7512312c,Cancel,Buy,20.10,0,0
2025-07-24T02:19:54.4765429Z,9662d0a1-8a3d-4011-b9a5-ff21130fd39e,Trade,Buy,20.12,822,0
2025-07-24T02:19:54.4765429Z,0a9d8bb2-f5d4-4ae9-bf5b-7c45c0084192,Trade,Buy,20.12,53,414
2025-07-24T02:19:54.4865429Z,2b9a0083-f2e2-4be6-974d-c5783dc86e21,Trade,Buy,20.12,794,461
2025-07-24T02:19:54.4965429Z,21d2814a-0416-424d-b659-e02e4e8947d7,New,Sell,20.13,0,324
2025-07-24T02:19:54.5065429Z,36317bb3-f23f-45e9-9d6f-2976138f1ef6,New,Sell,20.14,0,952
2025-07-24T02:19:54.5065429Z,347d29ef-ebf5-4d9e-9e4a-c4d41edcd1ed,Cancel,Buy,20.04,0,0
2025-07-24T02:19:54.5165429Z,6029dbf7-68d7-4ded-9f50-a7a19131df1f,Trade,Sell,20.13,391,0
2025-07-24T02:19:54.5165429Z,3ff7e785-7cfa-4687-9abd-f4579328b565,Trade,Sell,20.13,946,4931
2025-07-24T02:19:54.5165429Z,82563b65-11b0-46b3-ad13-f4041373fc39,Cancel,Buy,20.01,0,0
2025-07-24T02:19:54.5265429Z,57f8517a-88d1-45e1-8a22-6ec3fd4ce04c,New,Buy,20.09,0,383
2025-07-24T02:19:54.5365429Z,6925f268-1186-4ce3-9d56-a9fbd27c5688,Trade,Sell,20.13,1022,4667
2025-07-24T02:19:54.5465429Z,023346ed-e67a-4c6c-a083-e7b54748f292,Trade,Sell,20.13,224,988
2025-07-24T02:19:54.5565429Z,2e4bd73e-8c83-4711-83ba-6561a988129a,Trade,Buy,20.12,372,0
2025-07-24T02:19:54.5565429Z,72fa9867-61a9-4ff8-b02f-e29f4974a88c,Trade,Buy,20.12,45,0
2025-07-24T02:19:54.5565429Z,0a9d8bb2-f5d4-4ae9-bf5b-7c45c0084192,Trade,Buy,20.12,300,114
2025-07-24T02:19:54.5665429Z,5525d77d-930a-47a5-b4eb-ce733ae3eeb4,New,Buy,20.11,0,3713
2025-07-24T02:19:54.5765429Z,2b9a0083-f2e2-4be6-974d-c5783dc86e21,Trade,Buy,20.12,461,0
2025-07-24T02:19:54.5765429Z,0a9d8bb2-f5d4-4ae9-bf5b-7c45c0084192,Trade,Buy,20.12,114,0
2025-07-24T02:19:54.5765429Z,bab449e2-9e95-493d-9ec3-a7bd1504adbd,Trade,Buy,20.12,1288,1212
2025-07-24T02:19:54.5865429Z,5dda23c2-aa63-4648-a568-8e3fdd520bc1,New,Sell,20.13,0,1019
2025-07-24T02:19:54.5965429Z,c7d332c7-0acd-477e-bc28-3dcdfe444911,Trade,Sell,20.13,1002,0
2025-07-24T02:19:54.5965429Z,21d2814a-0416-424d-b659-e02e4e8947d7,Trade,Sell,20.13,324,0
2025-07-24T02:19:54.5965429Z,3ff7e785-7cfa-4687-9abd-f4579328b565,Trade,Sell,20.13,786,4145
2025-07-24T02:19:54.6065429Z,e9eba861-4adc-4a29-80ea-0755feab8c1b,Trade,Buy,20.11,2500,0
2025-07-24T02:19:54.6065429Z,346652b8-631a-4a14-86e8-5c9e45d0b787,Trade,Buy,20.11,274,0
2025-07-24T02:19:54.6065429Z,6577e4bf-e29c-41ed-ad67-050bc2ec4254,Trade,Buy,20.11,237,484
2025-07-24T02:19:54.6065429Z,3ff7e785-7cfa-4687-9abd-f4579328b565,Cancel,Sell,20.13,0,0
2025-07-24T02:19:54.6165429Z,6925f268-1186-4ce3-9d56-a9fbd27c5688,Trade,Sell,20.13,647,4020
2025-07-24T02:19:54.6265429Z,023346ed-e67a-4c6c-a083-e7b54748f292,Trade,Sell,20.13,371,617
2025-07-24T02:19:54.6365429Z,3a08b516-9206-4f0a-b989-20a397d7ad11,Trade,Buy,20.11,978,2663
2025-07-24T02:19:54.6465429Z,5525d77d-930a-47a5-b4eb-ce733ae3eeb4,Trade,Buy,20.11,1506,2207
2025-07-24T02:19:54.6465429Z,57f8517a-88d1-45e1-8a22-6ec3fd4ce04c,Cancel,Buy,20.09,0,0
2025-07-24T02:19:54.6565429Z,6577e4bf-e29c-41ed-ad67-050bc2ec4254,Trade,Buy,20.11,484,0
2025-07-24T02:19:54.6565429Z,192084f5-d00c-40f2-8638-b10fb976f611,Trade,Buy,20.11,1324,1176
2025-07-24T02:19:54.6665429Z,45851193-b6b7-45a5-b2fd-627afb6f14ce,New,Buy,20.09,0,2720
2025-07-24T02:19:54.6765429Z,0c7535ea-a5a2-4902-90cd-40162ca13fe5,New,Buy,20.10,0,345
2025-07-24T02:19:54.6865429Z,eb094fe1-d6b4-423d-97e7-4cacf9afdd4d,New,Buy,20.12,0,673
2025-07-24T02:19:54.6865429Z,2d346156-ca2a-420f-b5e6-fb7272edfe44,Cancel,Sell,20.21,0,0
2025-07-24T02:19:54.6965429Z,dd9559d6-e510-41b9-b125-46d1600dffd3,New,Sell,20.15,0,17847
2025-07-24T02:19:54.7065429Z,55f8359f-1901-40fc-8c8a-eedb12d5a742,New,Sell,20.16,0,8912
2025-07-24T02:19:54.7165429Z,37aad8a5-ceaa-4d41-bee4-90c3a3b674a9,New,Buy,20.12,0,7876
2025-07-24T02:19:54.7265429Z,d8b9ea11-c11f-4476-b123-054b6a9da422,New,Buy,20.12,0,3318
2025-07-24T02:19:54.7365429Z,340934d2-77be-4817-9c9d-dd5c5146a11b,New,Sell,20.13,0,534
2025-07-24T02:19:54.7465429Z,5dda23c2-aa63-4648-a568-8e3fdd520bc1,Trade,Sell,20.13,1019,0
2025-07-24T02:19:54.7465429Z,6925f268-1186-4ce3-9d56-a9fbd27c5688,Trade,Sell,20.13,439,3581
2025-07-24T02:19:54.7565429Z,06a61928-d670-40bc-a08e-5abd6851d48d,New,Sell,20.13,0,1734
2025-07-24T02:19:54.7665429Z,07ceb69e-91bf-4863-9eea-f081c95a7a86,New,Sell,20.14,0,563
2025-07-24T02:19:54.7765429Z,dc106043-6fb7-4faf-94bf-340a264ca58c,New,Sell,20.14,0,1022
2025-07-24T02:19:54.7765429Z,dd9559d6-e510-41b9-b125-46d1600dffd3,Cancel,Sell,20.15,0,0
2025-07-24T02:19:54.7765429Z,45851193-b6b7-45a5-b2fd-627afb6f14ce,Cancel,Buy,20.09,0,0
2025-07-24T02:19:54.7865429Z,429a810b-e99d-46e9-95ae-1199fc38234a,New,Buy,20.12,0,55
2025-07-24T02:19:54.7865429Z,88a7a73e-bd86-49e6-a417-cc02b89ba7ce,Cancel,Buy,20.04,0,0
2025-07-24T02:19:54.7965429Z,023346ed-e67a-4c6c-a083-e7b54748f292,Trade,Sell,20.13,617,0
2025-07-24T02:19:54.7965429Z,340934d2-77be-4817-9c9d-dd5c5146a11b,Trade,Sell,20.13,534,0
2025-07-24T02:19:54.7965429Z,6925f268-1186-4ce3-9d56-a9fbd27c5688,Trade,Sell,20.13,3581,0
2025-07-24T02:19:54.7965429Z,06a61928-d670-40bc-a08e-5abd6851d48d,Trade,Sell,20.13,813,921
2025-07-24T02:19:54.8065429Z,12c16fcf-2a02-4aa7-bb2e-41f189a59865,New,Sell,20.14,0,281
2025-07-24T02:19:54.8165429Z,06a61928-d670-40bc-a08e-5abd6851d48d,Trade,Sell,20.13,921,0
2025-07-24T02:19:54.8165429Z,4556c659-c2e3-4ed9-af41-2fe0e29a65e9,Trade,Sell,20.14,833,1667
2025-07-24T02:19:54.8265429Z,9bd9c0e0-ae19-4a2c-aceb-05dd5099f7da,New,Buy,20.12,0,2573
2025-07-24T02:19:54.8365429Z,72842c19-cbac-41d4-a657-34f04e70603e,New,Buy,20.11,0,108
2025-07-24T02:19:54.8465429Z,90c4d1dd-a7a0-46b9-929e-da2011a5464c,New,Buy,20.12,0,4173
2025-07-24T02:19:54.8565429Z,c2694388-7166-40f5-8c25-638f8f5e2346,New,Buy,20.12,0,37
2025-07-24T02:19:54.8665429Z,eb094fe1-d6b4-423d-97e7-4cacf9afdd4d,Trade,Buy,20.12,253,420
2025-07-24T02:19:54.8765429Z,03c1854d-cba0-4ade-96c4-fe924f5d42d2,Trade,Sell,20.14,924,1576
2025-07-24T02:19:54.8765429Z,9c714951-eea0-443b-99bb-97ca074788f2,Cancel,Sell,20.14,0,0
2025-07-24T02:19:54.8865429Z,0c645178-11eb-44ff-8081-594b91b0e3e3,New,Sell,20.14,0,836
2025-07-24T02:19:54.8965429Z,8f793dbf-03b1-452b-b0c1-fe12bed917d9,New,Sell,20.14,0,537
2025-07-24T02:19:54.8965429Z,b5a65bab-9d63-4a25-80aa-eb67a52cea31,Cancel,Buy,20.04,0,0
2025-07-24T02:19:54.9065429Z,f97fc77b-5b29-404f-afb4-5f57b247ee67,Trade,Sell,20.14,677,1823
2025-07-24T02:19:54.9165429Z,8d03f01a-9ceb-483d-a22a-36f10593778d,New,Sell,20.14,0,1453
2025-07-24T02:19:54.9165429Z,afca8ee1-198a-420b-b519-c100a11afdea,Cancel,Buy,20.08,0,0
2025-07-24T02:19:54.9265429Z,5bdb177f-3198-43f0-a831-8b7bd4aeb394,New,Buy,20.12,0,1012
2025-07-24T02:19:54.9265429Z,53013a40-e121-43df-99c0-9b853091d8dd,Cancel,Sell,20.14,0,0
2025-07-24T02:19:54.9365429Z,5e684564-9a00-4795-aaeb-358378995ae1,Trade,Sell,20.14,2500,0
2025-07-24T02:19:54.9365429Z,3bcfd3a2-3403-4142-8b64-90390c94bf54,Trade,Sell,20.14,1852,0
2025-07-24T02:19:54.9365429Z,2de00ec0-4576-4d20-9340-0b4cbc650b33,Trade,Sell,20.14,68,0
2025-07-24T02:19:54.9365429Z,bf85612c-9f84-4458-acdd-ecc642a7aeac,Trade,Sell,20.14,256,535
2025-07-24T02:19:54.9465429Z,2b932f6a-f368-4495-bb73-bc139b8ecf39,New,Buy,20.13,0,3439
2025-07-24T02:19:54.9565429Z,708cddd6-2602-4673-8779-4b086ce817e7,Trade,Sell,20.14,1165,0
2025-07-24T02:19:54.9565429Z,1a7a0537-49aa-40e5-860e-223711ab7688,Trade,Sell,20.14,768,0
2025-07-24T02:19:54.9565429Z,6af553d1-c507-4506-acea-14d87eabc787,Trade,Sell,20.14,434,678
2025-07-24T02:19:54.9665429Z,04158a3a-b4ac-452e-bae1-7ebe03969b6b,New,Buy,20.12,0,9031
2025-07-24T02:19:54.9765429Z,11eaea89-5e2e-4c0b-8c95-32b59ac2a83c,New,Sell,20.16,0,1040
2025-07-24T02:19:54.9765429Z,e8ad58a4-78a3-470b-83be-263fbe83ccd9,Cancel,Sell,20.15,0,0
2025-07-24T02:19:54.9865429Z,368a7e8c-59cd-4a56-8d73-54d520cc4f8f,New,Buy,20.13,0,9757
2025-07-24T02:19:54.9965429Z,6f786979-7e40-4e5c-9c4d-48a0a20e342a,New,Buy,20.13,0,2108
2025-07-24T02:19:54.9965429Z,11eaea89-5e2e-4c0b-8c95-32b59ac2a83c,Cancel,Sell,20.16,0,0
2025-07-24T02:19:55.0065429Z,2e34f2ab-e986-41e4-b40c-b979fe68074b,Trade,Sell,20.14,292,1481
2025-07-24T02:19:55.0065429Z,e06c69e6-1f28-45d6-a3a7-36d8933ba1b8,Cancel,Sell,20.20,0,0
2025-07-24T02:19:55.0165429Z,36317bb3-f23f-45e9-9d6f-2976138f1ef6,Trade,Sell,20.14,952,0
2025-07-24T02:19:55.0165429Z,07ceb69e-91bf-4863-9eea-f081c95a7a86,Trade,Sell,20.14,563,0
2025-07-24T02:19:55.0165429Z,dc106043-6fb7-4faf-94bf-340a264ca58c,Trade,Sell,20.14,509,513
2025-07-24T02:19:55.0165429Z,9dfda8d5-7c2f-4879-9706-414946742fee,Cancel,Sell,20.22,0,0
2025-07-24T02:19:55.0265429Z,d045ccf2-1320-4f87-8569-349ddf087831,New,Buy,20.13,0,4259
2025-07-24T02:19:55.0365429Z,af3755e7-1f08-4c43-ba1c-354523698ae9,New,Buy,20.12,0,6622
2025-07-24T02:19:55.0465429Z,78bc9fef-999c-4d9a-a6da-c3abea22dda1,New,Buy,20.13,0,924
2025-07-24T02:19:55.0465429Z,bf85612c-9f84-4458-acdd-ecc642a7aeac,Cancel,Sell,20.14,0,0
2025-07-24T02:19:55.0565429Z,12c16fcf-2a02-4aa7-bb2e-41f189a59865,Trade,Sell,20.14,281,0
2025-07-24T02:19:55.0565429Z,0c645178-11eb-44ff-8081-594b91b0e3e3,Trade,Sell,20.14,186,650
2025-07-24T02:19:55.0565429Z,87f79c3e-c287-4aa1-8abe-adf8c02fdcce,Cancel,Buy,20.00,0,0
2025-07-24T02:19:55.0665429Z,2b932f6a-f368-4495-bb73-bc139b8ecf39,Trade,Buy,20.13,892,2547
2025-07-24T02:19:55.0665429Z,0c7535ea-a5a2-4902-90cd-40162ca13fe5,Cancel,Buy,20.10,0,0
2025-07-24T02:19:55.0765429Z,fe54c35e-9825-4c5e-a0c0-3cab2cc70c72,New,Buy,20.13,0,1969
2025-07-24T02:19:55.0865429Z,8f793dbf-03b1-452b-b0c1-fe12bed917d9,Trade,Sell,20.14,537,0
2025-07-24T02:19:55.0865429Z,8d03f01a-9ceb-483d-a22a-36f10593778d,Trade,Sell,20.14,1150,303
2025-07-24T02:19:55.0965429Z,7ab59fbc-ad81-4e3d-bb6a-ae0a9bdbefde,New,Buy,20.11,0,173
2025-07-24T02:19:55.1065429Z,520059ed-af34-410e-8c60-e83b0cf453be,New,Sell,20.15,0,245
2025-07-24T02:19:55.1065429Z,9e085a0c-1626-47be-8f91-c9244b9a3f4d,Cancel,Buy,20.11,0,0
2025-07-24T02:19:55.1165429Z,6af553d1-c507-4506-acea-14d87eabc787,Trade,Sell,20.14,439,239
2025-07-24T02:19:55.1265429Z,c4338703-924e-45ed-90c6-65e0307c9349,New,Buy,20.09,0,5484
2025-07-24T02:19:55.1365429Z,2e34f2ab-e986-41e4-b40c-b979fe68074b,Trade,Sell,20.14,860,621
2025-07-24T02:19:55.1465429Z,dc106043-6fb7-4faf-94bf-340a264ca58c,Trade,Sell,20.14,513,0
2025-07-24T02:19:55.1465429Z,0c645178-11eb-44ff-8081-594b91b0e3e3,Trade,Sell,20.14,650,0
2025-07-24T02:19:55.1465429Z,8d03f01a-9ceb-483d-a22a-36f10593778d,Trade,Sell,20.14,19,284
2025-07-24T02:19:55.1565429Z,e776bb3a-ea33-46c6-b478-85aa59008303,New,Buy,20.11,0,1730
2025-07-24T02:19:55.1665429Z,368a7e8c-59cd-4a56-8d73-54d520cc4f8f,Trade,Buy,20.13,384,9373
2025-07-24T02:19:55.1765429Z,2cf11806-29e7-440a-b202-a222721ff9de,New,Buy,20.12,0,1344
2025-07-24T02:19:55.1865429Z,02b0cfd3-b021-414f-b346-2fa0c9deb6ae,New,Buy,20.12,0,638
2025-07-24T02:19:55.1865429Z,7223c96e-07a0-48f8-b6f6-55f36d81d955,Cancel,Buy,20.10,0,0
2025-07-24T02:19:55.1965429Z,6af553d1-c507-4506-acea-14d87eabc787,Trade,Sell,20.14,239,0
2025-07-24T02:19:55.1965429Z,2e34f2ab-e986-41e4-b40c-b979fe68074b,Trade,Sell,20.14,142,479
2025-07-24T02:19:55.2065429Z,8d03f01a-9ceb-483d-a22a-36f10593778d,Trade,Sell,20.14,283,1
2025-07-24T02:19:55.2065429Z,72842c19-cbac-41d4-a657-34f04e70603e,Cancel,Buy,20.11,0,0
2025-07-24T02:19:55.2165429Z,2e34f2ab-e986-41e4-b40c-b979fe68074b,Trade,Sell,20.14,58,421
2025-07-24T02:19:55.2265429Z,e2bc64c7-3fd6-47c9-9d03-fd96de173963,New,Buy,20.11,0,469
2025-07-24T02:19:55.2365429Z,6f786979-7e40-4e5c-9c4d-48a0a20e342a,Trade,Buy,20.13,2108,0
2025-07-24T02:19:55.2365429Z,d045ccf2-1320-4f87-8569-349ddf087831,Trade,Buy,20.13,4259,0
2025-07-24T02:19:55.2365429Z,78bc9fef-999c-4d9a-a6da-c3abea22dda1,Trade,Buy,20.13,924,0
2025-07-24T02:19:55.2365429Z,2b932f6a-f368-4495-bb73-bc139b8ecf39,Trade,Buy,20.13,2547,0
2025-07-24T02:19:55.2365429Z,fe54c35e-9825-4c5e-a0c0-3cab2cc70c72,Trade,Buy,20.13,1969,0
2025-07-24T02:19:55.2365429Z,368a7e8c-59cd-4a56-8d73-54d520cc4f8f,Trade,Buy,20.13,9373,0
2025-07-24T02:19:55.2365429Z,447f8bb3-5da7-480d-b083-2a73583fc4d1,Trade,Buy,20.13,2500,0
2025-07-24T02:19:55.2365429Z,37aad8a5-ceaa-4d41-bee4-90c3a3b674a9,Trade,Buy,20.12,7876,0
2025-07-24T02:19:55.2365429Z,d8b9ea11-c11f-4476-b123-054b6a9da422,Trade,Buy,20.12,3051,267
2025-07-24T02:19:55.2465429Z,429a810b-e99d-46e9-95ae-1199fc38234a,Trade,Buy,20.12,55,0
2025-07-24T02:19:55.2465429Z,9bd9c0e0-ae19-4a2c-aceb-05dd5099f7da,Trade,Buy,20.12,346,2227
2025-07-24T02:19:55.2465429Z,4b58d3dc-c52a-47d5-b4da-328b15ba4a5c,Cancel,Sell,20.15,0,0
2025-07-24T02:19:55.2565429Z,9018ffd1-aa5d-455c-a33d-eff9fe6fc03f,New,Buy,20.12,0,650
2025-07-24T02:19:55.2565429Z,154ffe39-93a6-4fbc-bef9-f48f98797741,Cancel,Buy,20.09,0,0
2025-07-24T02:19:55.2565429Z,55f8359f-1901-40fc-8c8a-eedb12d5a742,Cancel,Sell,20.16,0,0
2025-07-24T02:19:55.2665429Z,8d03f01a-9ceb-483d-a22a-36f10593778d,Trade,Sell,20.14,1,0
2025-07-24T02:19:55.2665429Z,2e34f2ab-e986-41e4-b40c-b979fe68074b,Trade,Sell,20.14,421,0
2025-07-24T02:19:55.2665429Z,8d93d447-473f-4a2b-bcfa-e1d5e59b5556,Trade,Sell,20.14,16,2484
2025-07-24T02:19:55.2765429Z,d7e6083c-8c66-4577-b96c-27169a42dc69,New,Sell,20.15,0,1618
2025-07-24T02:19:55.2865429Z,90c4d1dd-a7a0-46b9-929e-da2011a5464c,Trade,Buy,20.12,1619,2554
2025-07-24T02:19:55.2965429Z,0d5dd4c5-af54-4242-8801-7a5a989ae0cf,New,Buy,20.11,0,1523
2025-07-24T02:19:55.2965429Z,567c1153-13bb-4d0a-b76b-84e35ffcdc67,Cancel,Buy,20.06,0,0
2025-07-24T02:19:55.3065429Z,7c978c4a-33fd-417b-83c3-c024bb441334,New,Sell,20.13,0,1724
2025-07-24T02:19:55.3165429Z,7c978c4a-33fd-417b-83c3-c024bb441334,Trade,Sell,20.13,580,1144
2025-07-24T02:19:55.3265429Z,e8d4cd71-4388-481c-8e47-19ae63c73a5b,New,Sell,20.13,0,486
2025-07-24T02:19:55.3365429Z,44fb79bb-25a0-4127-87b7-9053f26aef42,New,Buy,20.10,0,781
2025-07-24T02:19:55.3465429Z,c2694388-7166-40f5-8c25-638f8f5e2346,Trade,Buy,20.12,37,0
2025-07-24T02:19:55.3465429Z,eb094fe1-d6b4-423d-97e7-4cacf9afdd4d,Trade,Buy,20.12,420,0
2025-07-24T02:19:55.3465429Z,5bdb177f-3198-43f0-a831-8b7bd4aeb394,Trade,Buy,20.12,241,771
2025-07-24T02:19:55.3565429Z,fd49b419-8989-4dee-afe1-7de52d8ccf54,New,Buy,20.11,0,2211
2025-07-24T02:19:55.3565429Z,384dda14-7c96-41cf-b08b-e350d591527e,Cancel,Buy,20.07,0,0
2025-07-24T02:19:55.3665429Z,7c978c4a-33fd-417b-83c3-c024bb441334,Trade,Sell,20.13,1144,0
2025-07-24T02:19:55.3665429Z,e8d4cd71-4388-481c-8e47-19ae63c73a5b,Trade,Sell,20.13,486,0
2025-07-24T02:19:55.3665429Z,04d4df85-7fab-4278-a284-1442f389e8b8,Trade,Sell,20.14,2500,0
2025-07-24T02:19:55.3665429Z,c42ad06b-8bde-42e0-9034-f595c1dad505,Trade,Sell,20.15,2152,0
2025-07-24T02:19:55.3665429Z,290a49d2-7339-406d-bdb2-8299eafc76d7,Trade,Sell,20.15,1589,124
2025-07-24T02:19:55.3765429Z,8b97509e-f839-4016-8cc5-8e9462f8645f,Trade,Buy,20.13,688,1812
2025-07-24T02:19:55.3765429Z,520059ed-af34-410e-8c60-e83b0cf453be,Cancel,Sell,20.15,0,0
2025-07-24T02:19:55.3865429Z,c221a5bd-8d1d-46ff-8821-de1fad459bc3,Trade,Sell,20.15,2500,0
2025-07-24T02:19:55.3865429Z,4b413d55-5ba5-49a2-b018-fa56b39c0d88,Trade,Sell,20.15,659,0
2025-07-24T02:19:55.3865429Z,d7e6083c-8c66-4577-b96c-27169a42dc69,Trade,Sell,20.15,1618,0
2025-07-24T02:19:55.3865429Z,290a49d2-7339-406d-bdb2-8299eafc76d7,Trade,Sell,20.15,124,0
2025-07-24T02:19:55.3865429Z,4f441b54-dc8d-4160-b122-b34a9de3fe27,Trade,Sell,20.16,1852,0
2025-07-24T02:19:55.3865429Z,d46fc559-c367-43c0-9392-edb705187e61,Trade,Sell,20.16,300,0
2025-07-24T02:19:55.3865429Z,d6062a36-b887-4188-bb71-c5f5117cd33f,Trade,Sell,20.17,1594,0
2025-07-24T02:19:55.3865429Z,41be22d3-714f-4d54-ad7b-8ff720d78a47,Trade,Sell,20.17,258,0
2025-07-24T02:19:55.3865429Z,3419fc36-5966-4fef-8e30-fd65c03824f6,Trade,Sell,20.18,1372,0
2025-07-24T02:19:55.3865429Z,90ba4074-b40e-49ea-b6a9-694f4fc7dc9e,Trade,Sell,20.18,222,0
2025-07-24T02:19:55.3865429Z,e86f823f-59dc-4143-8048-0e43ed2f7936,Trade,Sell,20.19,931,250
2025-07-24T02:19:55.3865429Z,db955e72-a3b0-4fd0-bfd7-099f31646656,Cancel,Buy,20.07,0,0
2025-07-24T02:19:55.3965429Z,1d6eca1e-c15e-44d5-b472-b85f859085ce,New,Sell,20.21,0,109
2025-07-24T02:19:55.3965429Z,b46875e7-575a-4dc8-8f37-47be7ece4868,Cancel,Buy,20.08,0,0
2025-07-24T02:19:55.4065429Z,0a39041c-9bc7-45ab-9cb4-091a780e720f,New,Buy,20.15,0,911
2025-07-24T02:19:55.4165429Z,e80e0cfe-2c35-4851-ad6d-09b46cb0af70,New,Buy,20.14,0,7220
2025-07-24T02:19:55.4265429Z,ad5662e4-87e5-4481-90bd-f1a0d9914ffb,New,Sell,20.17,0,699
2025-07-24T02:19:55.4365429Z,0a39041c-9bc7-45ab-9cb4-091a780e720f,Trade,Buy,20.15,471,440
2025-07-24T02:19:55.4465429Z,f8b9879d-1911-4be3-88f7-148b26c95af9,New,Buy,20.15,0,729
2025-07-24T02:19:55.4565429Z,eefaf50a-7a5a-4ba5-b705-5dc39176472a,New,Sell,20.17,0,935
2025-07-24T02:19:55.4665429Z,b9e69c70-224b-4535-8133-05d4b1751786,New,Buy,20.15,0,8198
2025-07-24T02:19:55.4665429Z,87474aff-ff9b-4ac7-84ea-39947a59f6f3,Cancel,Buy,20.15,0,0
2025-07-24T02:19:55.4665429Z,5bdb177f-3198-43f0-a831-8b7bd4aeb394,Cancel,Buy,20.12,0,0
2025-07-24T02:19:55.4765429Z,0132e9da-7781-4b3e-8167-cfc12064b8bb,New,Buy,20.15,0,139
2025-07-24T02:19:55.4865429Z,200a6e33-16cf-4e5d-a3d2-a34d98780f30,New,Sell,20.16,0,2958
2025-07-24T02:19:55.4965429Z,9ad27ede-98a0-492e-bc3e-9aadc6b7b3b0,New,Buy,20.15,0,2630
2025-07-24T02:19:55.5065429Z,1ce67b01-1cdc-4ac3-b56e-e3ad29cd6160,New,Buy,20.14,0,882
2025-07-24T02:19:55.5165429Z,85470cdb-c280-4262-bbd8-dce14e881c9f,New,Sell,20.16,0,1953
2025-07-24T02:19:55.5265429Z,200a6e33-16cf-4e5d-a3d2-a34d98780f30,Trade,Sell,20.16,366,2592
2025-07-24T02:19:55.5365429Z,0a39041c-9bc7-45ab-9cb4-091a780e720f,Trade,Buy,20.15,440,0
2025-07-24T02:19:55.5365429Z,f8b9879d-1911-4be3-88f7-148b26c95af9,Trade,Buy,20.15,576,153
2025-07-24T02:19:55.5465429Z,64d2bcae-2395-4a2d-8729-3575069bceb9,New,Buy,20.14,0,1620
2025-07-24T02:19:55.5465429Z,fd49b419-8989-4dee-afe1-7de52d8ccf54,Cancel,Buy,20.11,0,0
2025-07-24T02:19:55.5565429Z,9d3bdee2-3c1e-4a7b-b1d7-e8911f640ca4,New,Buy,20.15,0,417
2025-07-24T02:19:55.5665429Z,7207b3dc-a10e-41fb-ac57-5430134ef4d1,New,Buy,20.15,0,295
2025-07-24T02:19:55.5665429Z,a4ad915b-cb86-4998-a574-77f2eeb74389,Cancel,Sell,20.22,0,0
2025-07-24T02:19:55.5765429Z,85470cdb-c280-4262-bbd8-dce14e881c9f,Trade,Sell,20.16,217,1736
2025-07-24T02:19:55.5865429Z,200a6e33-16cf-4e5d-a3d2-a34d98780f30,Trade,Sell,20.16,446,2146
