ts,side,price,qty
2025-07-24T02:19:48.9165429Z,Sell,19.99,1100
2025-07-24T02:19:48.9265429Z,Sell,19.99,1824
2025-07-24T02:19:48.9465429Z,Sell,19.99,1400
2025-07-24T02:19:48.9465429Z,Sell,19.99,676
2025-07-24T02:19:48.9465429Z,Sell,19.99,503
2025-07-24T02:19:48.9565429Z,Sell,19.99,977
2025-07-24T02:19:48.9865429Z,Sell,19.98,1242
2025-07-24T02:19:49.0065429Z,Sell,19.98,2035
2025-07-24T02:19:49.0265429Z,Buy,20.00,149
2025-07-24T02:19:49.0565429Z,Sell,19.98,1833
2025-07-24T02:19:49.0765429Z,Sell,19.98,873
2025-07-24T02:19:49.0865429Z,Buy,20.00,461
2025-07-24T02:19:49.0965429Z,Buy,20.00,272
2025-07-24T02:19:49.0965429Z,Buy,20.00,1146
2025-07-24T02:19:49.0965429Z,Buy,20.00,320
2025-07-24T02:19:49.0965429Z,Buy,20.00,264
2025-07-24T02:19:49.1065429Z,Sell,19.98,2338
2025-07-24T02:19:49.1165429Z,Buy,20.00,2236
2025-07-24T02:19:49.1165429Z,Buy,20.00,264
2025-07-24T02:19:49.1165429Z,Buy,20.01,164
2025-07-24T02:19:49.1265429Z,Buy,20.01,2417
2025-07-24T02:19:49.1365429Z,Buy,20.01,83
2025-07-24T02:19:49.1365429Z,Buy,20.01,2417
2025-07-24T02:19:49.1365429Z,Buy,20.01,234
2025-07-24T02:19:49.1365429Z,Buy,20.01,347
2025-07-24T02:19:49.1465429Z,Sell,19.99,64
2025-07-24T02:19:49.1565429Z,Sell,19.99,537
2025-07-24T02:19:49.1665429Z,Buy,20.01,607
2025-07-24T02:19:49.1765429Z,Buy,20.01,1893
2025-07-24T02:19:49.1765429Z,Buy,20.01,299
2025-07-24T02:19:49.1865429Z,Buy,20.01,308
2025-07-24T02:19:49.1865429Z,Buy,20.01,177
2025-07-24T02:19:49.2165429Z,Sell,19.99,463
2025-07-24T02:19:49.2165429Z,Sell,19.99,1214
2025-07-24T02:19:49.2265429Z,Buy,20.01,2500
2025-07-24T02:19:49.2265429Z,Buy,20.01,770
2025-07-24T02:19:49.2265429Z,Buy,20.01,2336
2025-07-24T02:19:49.2265429Z,Buy,20.02,814
2025-07-24T02:19:49.2565429Z,Buy,20.01,141
2025-07-24T02:19:49.2565429Z,Buy,20.01,2126
2025-07-24T02:19:49.2765429Z,Sell,19.99,476
2025-07-24T02:19:49.2965429Z,Buy,20.00,404
2025-07-24T02:19:49.2965429Z,Buy,20.02,564
2025-07-24T02:19:49.3165429Z,Sell,19.99,2500
2025-07-24T02:19:49.3165429Z,Sell,19.99,1172
2025-07-24T02:19:49.3165429Z,Sell,19.99,203
2025-07-24T02:19:49.3265429Z,Buy,20.01,2167
2025-07-24T02:19:49.3265429Z,Buy,20.01,1709
2025-07-24T02:19:49.3465429Z,Buy,20.01,296
2025-07-24T02:19:49.3765429Z,Sell,20.00,549
2025-07-24T02:19:49.3765429Z,Sell,20.00,1047
2025-07-24T02:19:49.3865429Z,Sell,20.00,1453
2025-07-24T02:19:49.3865429Z,Sell,20.00,148
2025-07-24T02:19:49.4865429Z,Buy,20.01,208
2025-07-24T02:19:49.5165429Z,Buy,20.01,1172
2025-07-24T02:19:49.5365429Z,Sell,20.00,443
2025-07-24T02:19:49.5465429Z,Sell,20.00,81
2025-07-24T02:19:49.5465429Z,Sell,20.00,680
2025-07-24T02:19:49.5565429Z,Sell,20.00,1586
2025-07-24T02:19:49.5665429Z,Buy,20.01,876
2025-07-24T02:19:49.5665429Z,Buy,20.02,1127
2025-07-24T02:19:49.5765429Z,Sell,20.00,252
2025-07-24T02:19:49.5865429Z,Sell,20.00,1040
2025-07-24T02:19:49.5865429Z,Sell,20.00,63
2025-07-24T02:19:49.6065429Z,Sell,20.00,500
2025-07-24T02:19:49.6465429Z,Buy,20.01,539
2025-07-24T02:19:49.6665429Z,Sell,20.00,2544
2025-07-24T02:19:49.6665429Z,Sell,20.00,490
2025-07-24T02:19:49.6665429Z,Sell,20.00,90
2025-07-24T02:19:49.6765429Z,Buy,20.01,597
2025-07-24T02:19:49.6765429Z,Buy,20.02,588
2025-07-24T02:19:49.7165429Z,Buy,20.02,890
2025-07-24T02:19:49.7465429Z,Sell,20.00,1273
2025-07-24T02:19:49.7465429Z,Sell,20.00,75
2025-07-24T02:19:49.7665429Z,Buy,20.01,1296
2025-07-24T02:19:49.7665429Z,Buy,20.01,3696
2025-07-24T02:19:49.8465429Z,Sell,20.00,1726
2025-07-24T02:19:49.8565429Z,Buy,20.01,141
2025-07-24T02:19:49.8565429Z,Buy,20.01,1016
2025-07-24T02:19:49.8765429Z,Buy,20.01,314
2025-07-24T02:19:49.9265429Z,Buy,20.01,566
2025-07-24T02:19:49.9365429Z,Buy,20.01,233
2025-07-24T02:19:49.9565429Z,Buy,20.01,220
2025-07-24T02:19:49.9965429Z,Buy,20.01,612
2025-07-24T02:19:49.9965429Z,Buy,20.01,1982
2025-07-24T02:19:49.9965429Z,Buy,20.01,8107
2025-07-24T02:19:50.0165429Z,Buy,20.01,457
2025-07-24T02:19:50.0165429Z,Buy,20.01,1165
2025-07-24T02:19:50.0465429Z,Buy,20.01,3633
2025-07-24T02:19:50.0665429Z,Buy,20.01,2009
2025-07-24T02:19:50.0665429Z,Buy,20.02,2500
2025-07-24T02:19:50.0665429Z,Buy,20.02,1001
2025-07-24T02:19:50.0765429Z,Buy,20.02,107
2025-07-24T02:19:50.0965429Z,Buy,20.02,46
2025-07-24T02:19:50.1065429Z,Sell,20.00,204
2025-07-24T02:19:50.1065429Z,Sell,20.00,1622
2025-07-24T02:19:50.1265429Z,Sell,20.00,65
2025-07-24T02:19:50.1365429Z,Buy,20.02,1014
2025-07-24T02:19:50.1365429Z,Buy,20.02,358
2025-07-24T02:19:50.1565429Z,Sell,20.01,167
2025-07-24T02:19:50.1565429Z,Sell,20.01,64
2025-07-24T02:19:50.1665429Z,Buy,20.02,113
2025-07-24T02:19:50.1765429Z,Sell,20.00,215
2025-07-24T02:19:50.2165429Z,Buy,20.02,1595
2025-07-24T02:19:50.2165429Z,Buy,20.02,952
2025-07-24T02:19:50.2165429Z,Buy,20.02,460
2025-07-24T02:19:50.2265429Z,Buy,20.02,1789
2025-07-24T02:19:50.2365429Z,Buy,20.02,1123
2025-07-24T02:19:50.2665429Z,Buy,20.02,422
2025-07-24T02:19:50.2665429Z,Buy,20.02,2568
2025-07-24T02:19:50.3165429Z,Buy,20.02,444
2025-07-24T02:19:50.3165429Z,Buy,20.02,648
2025-07-24T02:19:50.3365429Z,Buy,20.02,793
2025-07-24T02:19:50.3565429Z,Buy,20.02,853
2025-07-24T02:19:50.4165429Z,Buy,20.02,2886
2025-07-24T02:19:50.4165429Z,Buy,20.02,231
2025-07-24T02:19:50.4465429Z,Buy,20.02,181
2025-07-24T02:19:50.4465429Z,Buy,20.02,382
2025-07-24T02:19:50.4665429Z,Buy,20.02,145
2025-07-24T02:19:50.4665429Z,Buy,20.02,106
2025-07-24T02:19:50.5065429Z,Buy,20.02,10699
2025-07-24T02:19:50.5165429Z,Sell,20.01,1598
2025-07-24T02:19:50.5165429Z,Sell,20.01,587
2025-07-24T02:19:50.5165429Z,Sell,20.01,385
2025-07-24T02:19:50.5165429Z,Sell,20.01,257
2025-07-24T02:19:50.5165429Z,Sell,20.01,2500
2025-07-24T02:19:50.5165429Z,Sell,20.00,3658
2025-07-24T02:19:50.5365429Z,Buy,20.01,332
2025-07-24T02:19:50.5465429Z,Buy,20.01,57
2025-07-24T02:19:50.5465429Z,Buy,20.02,1904
2025-07-24T02:19:50.5565429Z,Buy,20.02,783
2025-07-24T02:19:50.5865429Z,Buy,20.02,2500
2025-07-24T02:19:50.5865429Z,Buy,20.02,178
2025-07-24T02:19:50.6065429Z,Sell,20.00,118
2025-07-24T02:19:50.6565429Z,Sell,20.00,655
2025-07-24T02:19:50.6565429Z,Sell,20.00,644
2025-07-24T02:19:50.6565429Z,Sell,20.00,850
2025-07-24T02:19:50.6565429Z,Sell,20.00,3148
2025-07-24T02:19:50.6565429Z,Sell,20.00,798
2025-07-24T02:19:50.6965429Z,Sell,20.00,401
2025-07-24T02:19:50.7065429Z,Buy,20.01,343
2025-07-24T02:19:50.7165429Z,Buy,20.01,144
2025-07-24T02:19:50.7165429Z,Buy,20.02,532
2025-07-24T02:19:50.7265429Z,Buy,20.02,2500
2025-07-24T02:19:50.7265429Z,Buy,20.02,5525
2025-07-24T02:19:50.7365429Z,Buy,20.02,803
2025-07-24T02:19:50.7565429Z,Sell,20.01,1720
2025-07-24T02:19:50.7665429Z,Sell,20.01,497
2025-07-24T02:19:50.7865429Z,Buy,20.02,2405
2025-07-24T02:19:50.8065429Z,Sell,20.01,624
2025-07-24T02:19:50.8265429Z,Sell,20.01,1765
2025-07-24T02:19:50.8765429Z,Sell,20.01,378
2025-07-24T02:19:50.8965429Z,Buy,20.02,786
2025-07-24T02:19:50.9365429Z,Sell,20.01,609
2025-07-24T02:19:50.9365429Z,Sell,20.01,1551
2025-07-24T02:19:50.9365429Z,Sell,20.01,162
2025-07-24T02:19:50.9665429Z,Buy,20.02,325
2025-07-24T02:19:50.9965429Z,Buy,20.02,845
2025-07-24T02:19:51.0165429Z,Buy,20.02,241
2025-07-24T02:19:51.0265429Z,Buy,20.02,1404
2025-07-24T02:19:51.0265429Z,Buy,20.02,1435
2025-07-24T02:19:51.0265429Z,Buy,20.02,370
2025-07-24T02:19:51.0365429Z,Sell,20.01,2278
2025-07-24T02:19:51.0465429Z,Buy,20.02,2562
2025-07-24T02:19:51.0665429Z,Sell,20.01,1632
2025-07-24T02:19:51.0665429Z,Sell,20.01,215
2025-07-24T02:19:51.0765429Z,Sell,20.01,547
2025-07-24T02:19:51.0865429Z,Buy,20.02,3477
2025-07-24T02:19:51.0865429Z,Buy,20.02,358
2025-07-24T02:19:51.0865429Z,Buy,20.02,4027
2025-07-24T02:19:51.0865429Z,Buy,20.02,1283
2025-07-24T02:19:51.0865429Z,Buy,20.02,155
2025-07-24T02:19:51.0965429Z,Buy,20.02,199
2025-07-24T02:19:51.1365429Z,Buy,20.02,1343
2025-07-24T02:19:51.1465429Z,Sell,20.01,714
2025-07-24T02:19:51.1465429Z,Sell,20.01,558
2025-07-24T02:19:51.1565429Z,Buy,20.02,1518
2025-07-24T02:19:51.1765429Z,Buy,20.02,1041
2025-07-24T02:19:51.1765429Z,Buy,20.02,9
2025-07-24T02:19:51.1765429Z,Buy,20.03,1106
2025-07-24T02:19:51.2265429Z,Buy,20.03,200
2025-07-24T02:19:51.2265429Z,Buy,20.03,506
2025-07-24T02:19:51.2265429Z,Buy,20.03,481
2025-07-24T02:19:51.2465429Z,Sell,20.02,1762
2025-07-24T02:19:51.2565429Z,Buy,20.03,1304
2025-07-24T02:19:51.2565429Z,Buy,20.03,1311
2025-07-24T02:19:51.2865429Z,Buy,20.03,62
2025-07-24T02:19:51.2865429Z,Buy,20.03,411
2025-07-24T02:19:51.2865429Z,Buy,20.04,2500
2025-07-24T02:19:51.2865429Z,Buy,20.04,347
2025-07-24T02:19:51.2865429Z,Buy,20.05,1684
2025-07-24T02:19:51.3165429Z,Buy,20.05,513
2025-07-24T02:19:51.3365429Z,Sell,20.03,2794
2025-07-24T02:19:51.3565429Z,Sell,20.03,318
2025-07-24T02:19:51.3865429Z,Buy,20.06,1006
2025-07-24T02:19:51.3965429Z,Buy,20.06,1110
2025-07-24T02:19:51.4165429Z,Buy,20.06,1181
2025-07-24T02:19:51.4165429Z,Buy,20.06,1401
2025-07-24T02:19:51.4465429Z,Buy,20.07,488
2025-07-24T02:19:51.4665429Z,Buy,20.07,1011
2025-07-24T02:19:51.4765429Z,Buy,20.07,1181
2025-07-24T02:19:51.4865429Z,Buy,20.07,2500
2025-07-24T02:19:51.4865429Z,Buy,20.07,846
2025-07-24T02:19:51.5065429Z,Sell,20.05,400
2025-07-24T02:19:51.5065429Z,Sell,20.05,817
2025-07-24T02:19:51.5265429Z,Buy,20.06,180
2025-07-24T02:19:51.5265429Z,Buy,20.07,2500
2025-07-24T02:19:51.5265429Z,Buy,20.07,2100
2025-07-24T02:19:51.5265429Z,Buy,20.07,1088
2025-07-24T02:19:51.5265429Z,Buy,20.08,2152
2025-07-24T02:19:51.5265429Z,Buy,20.09,1342
2025-07-24T02:19:51.5565429Z,Sell,20.06,459
2025-07-24T02:19:51.5665429Z,Buy,20.08,364
2025-07-24T02:19:51.5765429Z,Buy,20.08,1168
2025-07-24T02:19:51.5865429Z,Buy,20.08,364
2025-07-24T02:19:51.5865429Z,Buy,20.08,968
2025-07-24T02:19:51.5865429Z,Buy,20.08,1168
2025-07-24T02:19:51.5865429Z,Buy,20.09,257
2025-07-24T02:19:51.5965429Z,Buy,20.08,626
2025-07-24T02:19:51.6165429Z,Sell,20.06,941
2025-07-24T02:19:51.6265429Z,Buy,20.08,1282
2025-07-24T02:19:51.6365429Z,Sell,20.06,861
2025-07-24T02:19:51.6665429Z,Buy,20.08,229
2025-07-24T02:19:51.7065429Z,Sell,20.07,748
2025-07-24T02:19:51.7165429Z,Sell,20.07,181
2025-07-24T02:19:51.7165429Z,Sell,20.07,1320
2025-07-24T02:19:51.7565429Z,Buy,20.07,446
2025-07-24T02:19:51.7665429Z,Buy,20.07,653
2025-07-24T02:19:51.7765429Z,Buy,20.07,510
2025-07-24T02:19:51.7865429Z,Buy,20.07,26
2025-07-24T02:19:51.7865429Z,Buy,20.08,2500
2025-07-24T02:19:51.7865429Z,Buy,20.08,1074
2025-07-24T02:19:51.7965429Z,Buy,20.08,230
2025-07-24T02:19:51.7965429Z,Buy,20.08,339
2025-07-24T02:19:51.8065429Z,Sell,20.06,194
2025-07-24T02:19:51.8465429Z,Sell,20.06,842
2025-07-24T02:19:51.8465429Z,Sell,20.06,218
2025-07-24T02:19:51.8565429Z,Buy,20.08,1138
2025-07-24T02:19:51.8665429Z,Buy,20.08,339
2025-07-24T02:19:51.8665429Z,Buy,20.08,592
2025-07-24T02:19:51.8865429Z,Sell,20.06,1139
2025-07-24T02:19:51.9065429Z,Sell,20.06,1597
2025-07-24T02:19:51.9065429Z,Sell,20.06,1707
2025-07-24T02:19:51.9465429Z,Buy,20.08,633
2025-07-24T02:19:51.9565429Z,Buy,20.08,123
2025-07-24T02:19:51.9765429Z,Buy,20.08,457
2025-07-24T02:19:51.9765429Z,Buy,20.08,315
2025-07-24T02:19:51.9965429Z,Sell,20.07,1082
2025-07-24T02:19:52.0165429Z,Buy,20.08,208
2025-07-24T02:19:52.0365429Z,Buy,20.08,66
2025-07-24T02:19:52.0365429Z,Buy,20.09,2500
2025-07-24T02:19:52.0365429Z,Buy,20.09,1150
2025-07-24T02:19:52.0565429Z,Buy,20.09,2948
2025-07-24T02:19:52.0565429Z,Buy,20.09,654
2025-07-24T02:19:52.0565429Z,Buy,20.09,1508
2025-07-24T02:19:52.0565429Z,Buy,20.09,1791
2025-07-24T02:19:52.0865429Z,Buy,20.09,14
2025-07-24T02:19:52.0965429Z,Buy,20.09,1012
2025-07-24T02:19:52.1265429Z,Sell,20.08,66
2025-07-24T02:19:52.1265429Z,Sell,20.08,1644
2025-07-24T02:19:52.1365429Z,Sell,20.08,288
2025-07-24T02:19:52.1365429Z,Sell,20.08,2500
2025-07-24T02:19:52.1365429Z,Sell,20.07,841
2025-07-24T02:19:52.1565429Z,Buy,20.09,239
2025-07-24T02:19:52.1765429Z,Buy,20.09,192
2025-07-24T02:19:52.2265429Z,Sell,20.07,146
2025-07-24T02:19:52.2565429Z,Buy,20.08,1256
2025-07-24T02:19:52.2565429Z,Buy,20.08,818
2025-07-24T02:19:52.2565429Z,Buy,20.09,1411
2025-07-24T02:19:52.2665429Z,Sell,20.07,280
2025-07-24T02:19:52.3265429Z,Sell,20.08,2162
2025-07-24T02:19:52.3265429Z,Sell,20.08,1090
2025-07-24T02:19:52.3265429Z,Sell,20.08,278
2025-07-24T02:19:52.3365429Z,Buy,20.09,6512
2025-07-24T02:19:52.3465429Z,Sell,20.07,653
2025-07-24T02:19:52.3965429Z,Buy,20.09,850
2025-07-24T02:19:52.4165429Z,Buy,20.09,7472
2025-07-24T02:19:52.4465429Z,Buy,20.09,436
2025-07-24T02:19:52.4565429Z,Buy,20.09,3289
2025-07-24T02:19:52.4565429Z,Buy,20.09,2086
2025-07-24T02:19:52.4565429Z,Buy,20.09,2753
2025-07-24T02:19:52.4565429Z,Buy,20.10,1708
2025-07-24T02:19:52.4765429Z,Buy,20.09,498
2025-07-24T02:19:52.4865429Z,Buy,20.09,366
2025-07-24T02:19:52.4865429Z,Buy,20.10,1904
2025-07-24T02:19:52.4965429Z,Buy,20.10,766
2025-07-24T02:19:52.5165429Z,Buy,20.10,648
2025-07-24T02:19:52.5165429Z,Buy,20.10,1478
2025-07-24T02:19:52.5265429Z,Buy,20.10,2047
2025-07-24T02:19:52.5465429Z,Sell,20.08,578
2025-07-24T02:19:52.5465429Z,Sell,20.08,726
2025-07-24T02:19:52.5465429Z,Sell,20.08,162
2025-07-24T02:19:52.5565429Z,Buy,20.10,1816
2025-07-24T02:19:52.5665429Z,Buy,20.10,110
2025-07-24T02:19:52.5665429Z,Buy,20.10,62
2025-07-24T02:19:52.5965429Z,Buy,20.10,385
2025-07-24T02:19:52.6165429Z,Buy,20.11,771
2025-07-24T02:19:52.6465429Z,Sell,20.10,220
2025-07-24T02:19:52.6565429Z,Buy,20.11,2187
2025-07-24T02:19:52.6565429Z,Buy,20.12,2500
2025-07-24T02:19:52.6565429Z,Buy,20.13,2135
2025-07-24T02:19:52.6665429Z,Sell,20.10,348
2025-07-24T02:19:52.6765429Z,Buy,20.12,540
2025-07-24T02:19:52.6865429Z,Buy,20.12,1960
2025-07-24T02:19:52.6865429Z,Buy,20.12,540
2025-07-24T02:19:52.6865429Z,Buy,20.13,1544
2025-07-24T02:19:52.8065429Z,Buy,20.12,1040
2025-07-24T02:19:52.8265429Z,Buy,20.12,833
2025-07-24T02:19:52.8265429Z,Buy,20.12,259
2025-07-24T02:19:52.8365429Z,Sell,20.11,917
2025-07-24T02:19:52.8365429Z,Sell,20.11,195
2025-07-24T02:19:52.8365429Z,Sell,20.11,1440
2025-07-24T02:19:52.8365429Z,Sell,20.11,1052
2025-07-24T02:19:52.8465429Z,Buy,20.12,1731
2025-07-24T02:19:52.8965429Z,Sell,20.11,6128
2025-07-24T02:19:52.8965429Z,Sell,20.11,2487
2025-07-24T02:19:52.8965429Z,Sell,20.11,715
2025-07-24T02:19:52.8965429Z,Sell,20.11,1365
2025-07-24T02:19:52.9065429Z,Sell,20.10,679
2025-07-24T02:19:52.9165429Z,Buy,20.12,290
2025-07-24T02:19:52.9165429Z,Buy,20.12,568
2025-07-24T02:19:52.9165429Z,Buy,20.12,129
2025-07-24T02:19:52.9465429Z,Sell,20.10,835
2025-07-24T02:19:52.9565429Z,Buy,20.12,374
2025-07-24T02:19:52.9965429Z,Buy,20.12,199
2025-07-24T02:19:53.0165429Z,Buy,20.12,541
2025-07-24T02:19:53.0465429Z,Sell,20.11,624
2025-07-24T02:19:53.0465429Z,Sell,20.11,115
2025-07-24T02:19:53.0965429Z,Buy,20.12,100
2025-07-24T02:19:53.0965429Z,Buy,20.12,2429
2025-07-24T02:19:53.0965429Z,Buy,20.12,2062
2025-07-24T02:19:53.0965429Z,Buy,20.12,1591
2025-07-24T02:19:53.0965429Z,Buy,20.13,1428
2025-07-24T02:19:53.1065429Z,Sell,20.11,1881
2025-07-24T02:19:53.1165429Z,Buy,20.13,2335
2025-07-24T02:19:53.1265429Z,Buy,20.13,545
2025-07-24T02:19:53.1365429Z,Sell,20.11,568
2025-07-24T02:19:53.1365429Z,Sell,20.11,369
2025-07-24T02:19:53.1365429Z,Sell,20.11,34
2025-07-24T02:19:53.1565429Z,Sell,20.11,696
2025-07-24T02:19:53.1865429Z,Sell,20.11,223
2025-07-24T02:19:53.1865429Z,Sell,20.11,476
2025-07-24T02:19:53.1965429Z,Buy,20.12,469
2025-07-24T02:19:53.2065429Z,Sell,20.10,495
2025-07-24T02:19:53.2265429Z,Buy,20.11,101
2025-07-24T02:19:53.2365429Z,Buy,20.11,385
2025-07-24T02:19:53.2365429Z,Buy,20.12,2500
2025-07-24T02:19:53.2365429Z,Buy,20.12,623
2025-07-24T02:19:53.2365429Z,Buy,20.13,2152
2025-07-24T02:19:53.2365429Z,Buy,20.13,1466
2025-07-24T02:19:53.2465429Z,Buy,20.13,1859
2025-07-24T02:19:53.2665429Z,Sell,20.10,968
2025-07-24T02:19:53.2765429Z,Sell,20.10,278
2025-07-24T02:19:53.2865429Z,Buy,20.12,373
2025-07-24T02:19:53.2865429Z,Buy,20.12,1441
2025-07-24T02:19:53.3065429Z,Buy,20.12,1059
2025-07-24T02:19:53.3065429Z,Buy,20.12,1352
2025-07-24T02:19:53.3365429Z,Sell,20.11,581
2025-07-24T02:19:53.3365429Z,Sell,20.11,386
2025-07-24T02:19:53.3665429Z,Sell,20.10,504
2025-07-24T02:19:53.3865429Z,Buy,20.12,366
2025-07-24T02:19:53.3865429Z,Buy,20.13,432
2025-07-24T02:19:53.3965429Z,Sell,20.11,748
2025-07-24T02:19:53.3965429Z,Sell,20.11,2500
2025-07-24T02:19:53.3965429Z,Sell,20.10,220
2025-07-24T02:19:53.3965429Z,Sell,20.10,326
2025-07-24T02:19:53.3965429Z,Sell,20.10,449
2025-07-24T02:19:53.3965429Z,Sell,20.10,159
2025-07-24T02:19:53.4465429Z,Sell,20.12,270
2025-07-24T02:19:53.4465429Z,Sell,20.12,1534
2025-07-24T02:19:53.5065429Z,Sell,20.12,149
2025-07-24T02:19:53.5065429Z,Sell,20.12,2500
2025-07-24T02:19:53.5065429Z,Sell,20.11,262
2025-07-24T02:19:53.5065429Z,Sell,20.11,293
2025-07-24T02:19:53.5165429Z,Sell,20.11,69
2025-07-24T02:19:53.5165429Z,Sell,20.11,121
2025-07-24T02:19:53.5265429Z,Buy,20.13,467
2025-07-24T02:19:53.5665429Z,Buy,20.11,1184
2025-07-24T02:19:53.5665429Z,Buy,20.11,712
2025-07-24T02:19:53.5665429Z,Buy,20.12,168
2025-07-24T02:19:53.5865429Z,Buy,20.12,2500
2025-07-24T02:19:53.5865429Z,Buy,20.12,711
2025-07-24T02:19:53.5865429Z,Buy,20.13,781
2025-07-24T02:19:53.6065429Z,Buy,20.12,249
2025-07-24T02:19:53.6065429Z,Buy,20.12,1282
2025-07-24T02:19:53.6465429Z,Sell,20.11,2888
2025-07-24T02:19:53.6465429Z,Sell,20.11,2500
2025-07-24T02:19:53.6465429Z,Sell,20.10,37
2025-07-24T02:19:53.6665429Z,Buy,20.12,2367
2025-07-24T02:19:53.6665429Z,Buy,20.12,1989
2025-07-24T02:19:53.6865429Z,Sell,20.10,727
2025-07-24T02:19:53.7265429Z,Buy,20.13,690
2025-07-24T02:19:53.7265429Z,Buy,20.13,296
2025-07-24T02:19:53.7265429Z,Buy,20.13,1224
2025-07-24T02:19:53.7465429Z,Buy,20.13,601
2025-07-24T02:19:53.7665429Z,Sell,20.12,628
2025-07-24T02:19:53.7665429Z,Sell,20.12,205
2025-07-24T02:19:53.7865429Z,Buy,20.13,1676
2025-07-24T02:19:53.7865429Z,Buy,20.13,945
2025-07-24T02:19:53.7865429Z,Buy,20.13,1182
2025-07-24T02:19:53.8065429Z,Buy,20.13,954
2025-07-24T02:19:53.8065429Z,Buy,20.13,294
2025-07-24T02:19:53.8065429Z,Buy,20.13,57
2025-07-24T02:19:53.8265429Z,Sell,20.12,118
2025-07-24T02:19:53.8365429Z,Buy,20.13,886
2025-07-24T02:19:53.8765429Z,Sell,20.12,925
2025-07-24T02:19:53.9165429Z,Buy,20.13,3102
2025-07-24T02:19:53.9365429Z,Sell,20.12,467
2025-07-24T02:19:53.9465429Z,Sell,20.12,352
2025-07-24T02:19:53.9565429Z,Buy,20.13,1173
2025-07-24T02:19:53.9665429Z,Buy,20.13,401
2025-07-24T02:19:53.9765429Z,Sell,20.12,130
2025-07-24T02:19:53.9765429Z,Sell,20.12,381
2025-07-24T02:19:53.9965429Z,Buy,20.13,284
2025-07-24T02:19:53.9965429Z,Buy,20.13,706
2025-07-24T02:19:54.0065429Z,Buy,20.13,403
2025-07-24T02:19:54.0065429Z,Buy,20.13,836
2025-07-24T02:19:54.0265429Z,Buy,20.13,651
2025-07-24T02:19:54.0365429Z,Buy,20.13,2256
2025-07-24T02:19:54.0965429Z,Sell,20.12,105
2025-07-24T02:19:54.1365429Z,Buy,20.13,775
2025-07-24T02:19:54.2065429Z,Buy,20.13,686
2025-07-24T02:19:54.2165429Z,Sell,20.12,379
2025-07-24T02:19:54.2365429Z,Sell,20.12,1765
2025-07-24T02:19:54.2365429Z,Sell,20.12,510
2025-07-24T02:19:54.2365429Z,Sell,20.12,408
2025-07-24T02:19:54.2465429Z,Sell,20.12,975
2025-07-24T02:19:54.2565429Z,Buy,20.13,410
2025-07-24T02:19:54.2765429Z,Buy,20.13,342
2025-07-24T02:19:54.3065429Z,Buy,20.13,393
2025-07-24T02:19:54.3165429Z,Sell,20.12,2947
2025-07-24T02:19:54.3665429Z,Buy,20.13,17
2025-07-24T02:19:54.3665429Z,Buy,20.13,682
2025-07-24T02:19:54.3665429Z,Buy,20.13,256
2025-07-24T02:19:54.3665429Z,Buy,20.13,5800
2025-07-24T02:19:54.3665429Z,Buy,20.13,274
2025-07-24T02:19:54.3865429Z,Sell,20.12,1198
2025-07-24T02:19:54.3865429Z,Sell,20.12,140
2025-07-24T02:19:54.3965429Z,Buy,20.13,179
2025-07-24T02:19:54.4065429Z,Buy,20.13,194
2025-07-24T02:19:54.4065429Z,Buy,20.13,138
2025-07-24T02:19:54.4665429Z,Sell,20.12,426
2025-07-24T02:19:54.4765429Z,Sell,20.12,822
2025-07-24T02:19:54.4765429Z,Sell,20.12,53
2025-07-24T02:19:54.4865429Z,Sell,20.12,794
2025-07-24T02:19:54.5165429Z,Buy,20.13,391
2025-07-24T02:19:54.5165429Z,Buy,20.13,946
2025-07-24T02:19:54.5365429Z,Buy,20.13,1022
2025-07-24T02:19:54.5465429Z,Buy,20.13,224
2025-07-24T02:19:54.5565429Z,Sell,20.12,372
2025-07-24T02:19:54.5565429Z,Sell,20.12,45
2025-07-24T02:19:54.5565429Z,Sell,20.12,300
2025-07-24T02:19:54.5765429Z,Sell,20.12,461
2025-07-24T02:19:54.5765429Z,Sell,20.12,114
2025-07-24T02:19:54.5765429Z,Sell,20.12,1288
2025-07-24T02:19:54.5965429Z,Buy,20.13,1002
2025-07-24T02:19:54.5965429Z,Buy,20.13,324
2025-07-24T02:19:54.5965429Z,Buy,20.13,786
2025-07-24T02:19:54.6065429Z,Sell,20.11,2500
2025-07-24T02:19:54.6065429Z,Sell,20.11,274
2025-07-24T02:19:54.6065429Z,Sell,20.11,237
2025-07-24T02:19:54.6165429Z,Buy,20.13,647
2025-07-24T02:19:54.6265429Z,Buy,20.13,371
2025-07-24T02:19:54.6365429Z,Sell,20.11,978
2025-07-24T02:19:54.6465429Z,Sell,20.11,1506
2025-07-24T02:19:54.6565429Z,Sell,20.11,484
2025-07-24T02:19:54.6565429Z,Sell,20.11,1324
2025-07-24T02:19:54.7465429Z,Buy,20.13,1019
2025-07-24T02:19:54.7465429Z,Buy,20.13,439
2025-07-24T02:19:54.7965429Z,Buy,20.13,617
2025-07-24T02:19:54.7965429Z,Buy,20.13,534
2025-07-24T02:19:54.7965429Z,Buy,20.13,3581
2025-07-24T02:19:54.7965429Z,Buy,20.13,813
2025-07-24T02:19:54.8165429Z,Buy,20.13,921
2025-07-24T02:19:54.8165429Z,Buy,20.14,833
2025-07-24T02:19:54.8665429Z,Sell,20.12,253
2025-07-24T02:19:54.8765429Z,Buy,20.14,924
2025-07-24T02:19:54.9065429Z,Buy,20.14,677
2025-07-24T02:19:54.9365429Z,Buy,20.14,2500
2025-07-24T02:19:54.9365429Z,Buy,20.14,1852
2025-07-24T02:19:54.9365429Z,Buy,20.14,68
2025-07-24T02:19:54.9365429Z,Buy,20.14,256
2025-07-24T02:19:54.9565429Z,Buy,20.14,1165
2025-07-24T02:19:54.9565429Z,Buy,20.14,768
2025-07-24T02:19:54.9565429Z,Buy,20.14,434
2025-07-24T02:19:55.0065429Z,Buy,20.14,292
2025-07-24T02:19:55.0165429Z,Buy,20.14,952
2025-07-24T02:19:55.0165429Z,Buy,20.14,563
2025-07-24T02:19:55.0165429Z,Buy,20.14,509
2025-07-24T02:19:55.0565429Z,Buy,20.14,281
2025-07-24T02:19:55.0565429Z,Buy,20.14,186
2025-07-24T02:19:55.0665429Z,Sell,20.13,892
2025-07-24T02:19:55.0865429Z,Buy,20.14,537
2025-07-24T02:19:55.0865429Z,Buy,20.14,1150
2025-07-24T02:19:55.1165429Z,Buy,20.14,439
2025-07-24T02:19:55.1365429Z,Buy,20.14,860
2025-07-24T02:19:55.1465429Z,Buy,20.14,513
2025-07-24T02:19:55.1465429Z,Buy,20.14,650
2025-07-24T02:19:55.1465429Z,Buy,20.14,19
2025-07-24T02:19:55.1665429Z,Sell,20.13,384
2025-07-24T02:19:55.1965429Z,Buy,20.14,239
2025-07-24T02:19:55.1965429Z,Buy,20.14,142
2025-07-24T02:19:55.2065429Z,Buy,20.14,283
2025-07-24T02:19:55.2165429Z,Buy,20.14,58
2025-07-24T02:19:55.2365429Z,Sell,20.13,2108
2025-07-24T02:19:55.2365429Z,Sell,20.13,4259
2025-07-24T02:19:55.2365429Z,Sell,20.13,924
2025-07-24T02:19:55.2365429Z,Sell,20.13,2547
2025-07-24T02:19:55.2365429Z,Sell,20.13,1969
2025-07-24T02:19:55.2365429Z,Sell,20.13,9373
2025-07-24T02:19:55.2365429Z,Sell,20.13,2500
2025-07-24T02:19:55.2365429Z,Sell,20.12,7876
2025-07-24T02:19:55.2365429Z,Sell,20.12,3051
2025-07-24T02:19:55.2465429Z,Sell,20.12,55
2025-07-24T02:19:55.2465429Z,Sell,20.12,346
2025-07-24T02:19:55.2665429Z,Buy,20.14,1
2025-07-24T02:19:55.2665429Z,Buy,20.14,421
2025-07-24T02:19:55.2665429Z,Buy,20.14,16
2025-07-24T02:19:55.2865429Z,Sell,20.12,1619
2025-07-24T02:19:55.3165429Z,Buy,20.13,580
2025-07-24T02:19:55.3465429Z,Sell,20.12,37
2025-07-24T02:19:55.3465429Z,Sell,20.12,420
2025-07-24T02:19:55.3465429Z,Sell,20.12,241
2025-07-24T02:19:55.3665429Z,Buy,20.13,1144
2025-07-24T02:19:55.3665429Z,Buy,20.13,486
2025-07-24T02:19:55.3665429Z,Buy,20.14,2500
2025-07-24T02:19:55.3665429Z,Buy,20.15,2152
2025-07-24T02:19:55.3665429Z,Buy,20.15,1589
2025-07-24T02:19:55.3765429Z,Sell,20.13,688
2025-07-24T02:19:55.3865429Z,Buy,20.15,2500
2025-07-24T02:19:55.3865429Z,Buy,20.15,659
2025-07-24T02:19:55.3865429Z,Buy,20.15,1618
2025-07-24T02:19:55.3865429Z,Buy,20.15,124
2025-07-24T02:19:55.3865429Z,Buy,20.16,1852
2025-07-24T02:19:55.3865429Z,Buy,20.16,300
2025-07-24T02:19:55.3865429Z,Buy,20.17,1594
2025-07-24T02:19:55.3865429Z,Buy,20.17,258
2025-07-24T02:19:55.3865429Z,Buy,20.18,1372
2025-07-24T02:19:55.3865429Z,Buy,20.18,222
2025-07-24T02:19:55.3865429Z,Buy,20.19,931
2025-07-24T02:19:55.4365429Z,Sell,20.15,471
2025-07-24T02:19:55.5265429Z,Buy,20.16,366
2025-07-24T02:19:55.5365429Z,Sell,20.15,440
2025-07-24T02:19:55.5365429Z,Sell,20.15,576
2025-07-24T02:19:55.5765429Z,Buy,20.16,217
2025-07-24T02:19:55.5865429Z,Buy,20.16,446
2025-07-24T02:19:55.5965429Z,Sell,20.15,333
2025-07-24T02:19:55.6365429Z,Buy,20.16,680
2025-07-24T02:19:55.6765429Z,Buy,20.16,2146
2025-07-24T02:19:55.6765429Z,Buy,20.16,966
2025-07-24T02:19:55.6865429Z,Sell,20.15,139
2025-07-24T02:19:55.6865429Z,Sell,20.15,932
2025-07-24T02:19:55.6965429Z,Buy,20.16,1056
2025-07-24T02:19:55.6965429Z,Buy,20.16,1107
2025-07-24T02:19:55.7165429Z,Buy,20.16,618
2025-07-24T02:19:55.7265429Z,Buy,20.16,777
2025-07-24T02:19:55.7365429Z,Buy,20.16,675
2025-07-24T02:19:55.7365429Z,Buy,20.17,2500
2025-07-24T02:19:55.7365429Z,Buy,20.17,699
2025-07-24T02:19:55.7365429Z,Buy,20.17,935
2025-07-24T02:19:55.7365429Z,Buy,20.18,2152
2025-07-24T02:19:55.7365429Z,Buy,20.19,1852
2025-07-24T02:19:55.7365429Z,Buy,20.20,1594
2025-07-24T02:19:55.7365429Z,Buy,20.21,1372
2025-07-24T02:19:55.7365429Z,Buy,20.21,109
2025-07-24T02:19:55.7365429Z,Buy,20.22,517
2025-07-24T02:19:55.7465429Z,Buy,20.19,1947
2025-07-24T02:19:55.7665429Z,Buy,20.19,553
2025-07-24T02:19:55.7665429Z,Buy,20.19,1615
2025-07-24T02:19:55.7765429Z,Buy,20.19,332
2025-07-24T02:19:55.7765429Z,Buy,20.19,47
2025-07-24T02:19:55.7865429Z,Sell,20.17,1829
2025-07-24T02:19:55.7965429Z,Sell,20.17,671
2025-07-24T02:19:55.7965429Z,Sell,20.17,1829
2025-07-24T02:19:55.7965429Z,Sell,20.17,1980
2025-07-24T02:19:55.7965429Z,Sell,20.16,809
2025-07-24T02:19:55.8065429Z,Buy,20.19,1351
2025-07-24T02:19:55.8165429Z,Buy,20.19,1149
2025-07-24T02:19:55.8165429Z,Buy,20.19,1351
2025-07-24T02:19:55.8165429Z,Buy,20.20,284
2025-07-24T02:19:55.8265429Z,Buy,20.19,1089
2025-07-24T02:19:55.8665429Z,Buy,20.19,887
2025-07-24T02:19:55.8965429Z,Buy,20.19,173
2025-07-24T02:19:55.8965429Z,Buy,20.20,1474
2025-07-24T02:19:55.9165429Z,Buy,20.20,2008
2025-07-24T02:19:55.9365429Z,Buy,20.20,2064
2025-07-24T02:19:55.9465429Z,Buy,20.20,2500
2025-07-24T02:19:55.9465429Z,Buy,20.20,282
2025-07-24T02:19:55.9865429Z,Sell,20.19,978
2025-07-24T02:19:55.9865429Z,Sell,20.19,1023
2025-07-24T02:19:55.9965429Z,Buy,20.20,1693
2025-07-24T02:19:55.9965429Z,Buy,20.20,243
2025-07-24T02:19:55.9965429Z,Buy,20.20,181
2025-07-24T02:19:56.0465429Z,Buy,20.19,392
2025-07-24T02:19:56.0465429Z,Buy,20.20,95
2025-07-24T02:19:56.0665429Z,Buy,20.20,282
2025-07-24T02:19:56.0865429Z,Sell,20.18,525
2025-07-24T02:19:56.0865429Z,Sell,20.18,383
2025-07-24T02:19:56.0865429Z,Sell,20.18,721
2025-07-24T02:19:56.0865429Z,Sell,20.18,1323
2025-07-24T02:19:56.0965429Z,Buy,20.20,1060
2025-07-24T02:19:56.1065429Z,Buy,20.20,197
2025-07-24T02:19:56.1365429Z,Buy,20.20,1954
2025-07-24T02:19:56.1665429Z,Sell,20.18,1014
2025-07-24T02:19:56.1665429Z,Sell,20.18,473
2025-07-24T02:19:56.1765429Z,Sell,20.18,573
2025-07-24T02:19:56.1765429Z,Sell,20.18,365
2025-07-24T02:19:56.1765429Z,Sell,20.18,2500
2025-07-24T02:19:56.1765429Z,Sell,20.17,764
2025-07-24T02:19:56.2265429Z,Buy,20.19,1100
2025-07-24T02:19:56.2465429Z,Buy,20.19,1458
2025-07-24T02:19:56.2565429Z,Buy,20.19,422
2025-07-24T02:19:56.2565429Z,Buy,20.20,1494
2025-07-24T02:19:56.2965429Z,Sell,20.19,98
2025-07-24T02:19:56.2965429Z,Sell,20.19,198
2025-07-24T02:19:56.2965429Z,Sell,20.19,229
2025-07-24T02:19:56.3165429Z,Sell,20.18,341
2025-07-24T02:19:56.3665429Z,Buy,20.20,381
2025-07-24T02:19:56.3665429Z,Buy,20.20,138
2025-07-24T02:19:56.3765429Z,Buy,20.20,588
2025-07-24T02:19:56.3765429Z,Buy,20.20,378
2025-07-24T02:19:56.3765429Z,Buy,20.21,1253
2025-07-24T02:19:56.4065429Z,Sell,20.19,1314
2025-07-24T02:19:56.4265429Z,Buy,20.21,932
2025-07-24T02:19:56.4465429Z,Buy,20.21,1380
2025-07-24T02:19:56.4865429Z,Buy,20.21,2380
2025-07-24T02:19:56.5065429Z,Sell,20.19,1581
2025-07-24T02:19:56.5065429Z,Sell,20.19,156
2025-07-24T02:19:56.5265429Z,Sell,20.19,161
2025-07-24T02:19:56.5265429Z,Sell,20.19,839
2025-07-24T02:19:56.5365429Z,Sell,20.19,853
2025-07-24T02:19:56.5665429Z,Buy,20.21,743
2025-07-24T02:19:56.5665429Z,Buy,20.21,416
2025-07-24T02:19:56.5665429Z,Buy,20.21,335
2025-07-24T02:19:56.5865429Z,Sell,20.20,876
2025-07-24T02:19:56.6165429Z,Buy,20.21,569
2025-07-24T02:19:56.6265429Z,Buy,20.21,1848
2025-07-24T02:19:56.6365429Z,Sell,20.20,10
2025-07-24T02:19:56.6365429Z,Sell,20.20,1431
2025-07-24T02:19:56.6565429Z,Sell,20.20,1802
2025-07-24T02:19:56.6665429Z,Buy,20.21,568
2025-07-24T02:19:56.6765429Z,Buy,20.21,131
2025-07-24T02:19:56.6965429Z,Buy,20.21,322
2025-07-24T02:19:56.7165429Z,Sell,20.20,1124
2025-07-24T02:19:56.7265429Z,Sell,20.20,125
2025-07-24T02:19:56.7265429Z,Sell,20.20,707
2025-07-24T02:19:56.7465429Z,Sell,20.20,2523
2025-07-24T02:19:56.7565429Z,Sell,20.20,606
2025-07-24T02:19:56.7665429Z,Buy,20.21,2416
2025-07-24T02:19:56.7665429Z,Buy,20.21,331
2025-07-24T02:19:56.7665429Z,Buy,20.21,1558
2025-07-24T02:19:56.8565429Z,Sell,20.20,102
2025-07-24T02:19:56.8565429Z,Sell,20.20,1406
2025-07-24T02:19:56.8565429Z,Sell,20.20,330
2025-07-24T02:19:56.8565429Z,Sell,20.20,485
2025-07-24T02:19:56.8565429Z,Sell,20.20,452
2025-07-24T02:19:56.9065429Z,Buy,20.21,434
2025-07-24T02:19:56.9065429Z,Buy,20.21,1168
2025-07-24T02:19:56.9065429Z,Buy,20.21,2140
2025-07-24T02:19:56.9265429Z,Buy,20.21,750
2025-07-24T02:19:56.9465429Z,Buy,20.21,750
2025-07-24T02:19:56.9465429Z,Buy,20.22,2500
2025-07-24T02:19:56.9465429Z,Buy,20.22,1115
2025-07-24T02:19:56.9465429Z,Buy,20.22,2352
2025-07-24T02:19:56.9465429Z,Buy,20.23,546
2025-07-24T02:19:56.9565429Z,Sell,20.20,2299
2025-07-24T02:19:56.9665429Z,Buy,20.22,81
2025-07-24T02:19:56.9765429Z,Sell,20.20,201
2025-07-24T02:19:56.9765429Z,Sell,20.20,2299
2025-07-24T02:19:56.9765429Z,Sell,20.20,2224
2025-07-24T02:19:56.9765429Z,Sell,20.20,1173
2025-07-24T02:19:56.9965429Z,Sell,20.20,383
2025-07-24T02:19:57.0065429Z,Sell,20.20,848
2025-07-24T02:19:57.0165429Z,Sell,20.20,383
2025-07-24T02:19:57.0165429Z,Sell,20.20,235
2025-07-24T02:19:57.0265429Z,Sell,20.20,848
2025-07-24T02:19:57.0265429Z,Sell,20.20,899
2025-07-24T02:19:57.0365429Z,Buy,20.22,1721
2025-07-24T02:19:57.0465429Z,Sell,20.20,618
2025-07-24T02:19:57.0465429Z,Sell,20.20,135
2025-07-24T02:19:57.0465429Z,Sell,20.20,107
2025-07-24T02:19:57.0665429Z,Sell,20.20,851
2025-07-24T02:19:57.1165429Z,Sell,20.20,195
2025-07-24T02:19:57.1165429Z,Sell,20.20,992
2025-07-24T02:19:57.1265429Z,Buy,20.21,88
2025-07-24T02:19:57.1265429Z,Buy,20.22,88
2025-07-24T02:19:57.1465429Z,Buy,20.22,1180
2025-07-24T02:19:57.1965429Z,Sell,20.21,299
2025-07-24T02:19:57.2065429Z,Buy,20.22,1358
2025-07-24T02:19:57.2265429Z,Buy,20.22,450
2025-07-24T02:19:57.2265429Z,Buy,20.22,3175
2025-07-24T02:19:57.2265429Z,Buy,20.23,2500
2025-07-24T02:19:57.2265429Z,Buy,20.23,1038
2025-07-24T02:19:57.2265429Z,Buy,20.23,1417
2025-07-24T02:19:57.2865429Z,Sell,20.21,185
2025-07-24T02:19:57.3065429Z,Buy,20.22,630
2025-07-24T02:19:57.3465429Z,Sell,20.21,717
2025-07-24T02:19:57.4065429Z,Sell,20.21,246
2025-07-24T02:19:57.4065429Z,Sell,20.21,1949
2025-07-24T02:19:57.4065429Z,Sell,20.21,421
2025-07-24T02:19:57.4265429Z,Sell,20.21,151
2025-07-24T02:19:57.4265429Z,Sell,20.21,175
2025-07-24T02:19:57.4265429Z,Sell,20.21,312
2025-07-24T02:19:57.4365429Z,Buy,20.22,705
2025-07-24T02:19:57.4565429Z,Buy,20.22,314
2025-07-24T02:19:57.4765429Z,Sell,20.21,17
2025-07-24T02:19:57.4765429Z,Sell,20.21,482
2025-07-24T02:19:57.4865429Z,Buy,20.22,1720
2025-07-24T02:19:57.4865429Z,Buy,20.22,774
2025-07-24T02:19:57.4965429Z,Sell,20.20,2500
2025-07-24T02:19:57.4965429Z,Sell,20.20,729
2025-07-24T02:19:57.4965429Z,Sell,20.20,2883
2025-07-24T02:19:57.5565429Z,Buy,20.21,738
2025-07-24T02:19:57.5565429Z,Buy,20.21,602
2025-07-24T02:19:57.5565429Z,Buy,20.22,1350
2025-07-24T02:19:57.5765429Z,Sell,20.21,607
2025-07-24T02:19:57.5765429Z,Sell,20.20,2500
2025-07-24T02:19:57.5765429Z,Sell,20.20,859
2025-07-24T02:19:57.5765429Z,Sell,20.20,1167
2025-07-24T02:19:57.5765429Z,Sell,20.20,1464
2025-07-24T02:19:57.5865429Z,Sell,20.20,2278
2025-07-24T02:19:57.5965429Z,Sell,20.20,600
2025-07-24T02:19:57.5965429Z,Sell,20.20,1118
2025-07-24T02:19:57.5965429Z,Sell,20.20,60
2025-07-24T02:19:57.5965429Z,Sell,20.20,72
2025-07-24T02:19:57.6065429Z,Sell,20.20,1832
2025-07-24T02:19:57.6465429Z,Buy,20.22,277
2025-07-24T02:19:57.6465429Z,Buy,20.22,1828
2025-07-24T02:19:57.6465429Z,Buy,20.22,257
2025-07-24T02:19:57.6465429Z,Buy,20.22,412
2025-07-24T02:19:57.6465429Z,Buy,20.22,27
2025-07-24T02:19:57.6465429Z,Buy,20.22,691
2025-07-24T02:19:57.6665429Z,Buy,20.22,109
2025-07-24T02:19:57.6665429Z,Buy,20.23,1033
2025-07-24T02:19:57.6765429Z,Buy,20.23,2500
2025-07-24T02:19:57.6765429Z,Buy,20.23,880
2025-07-24T02:19:57.6765429Z,Buy,20.23,422
2025-07-24T02:19:57.6765429Z,Buy,20.23,940
2025-07-24T02:19:57.6965429Z,Sell,20.21,352
2025-07-24T02:19:57.7065429Z,Sell,20.21,2500
2025-07-24T02:19:57.7065429Z,Sell,20.21,295
2025-07-24T02:19:57.7065429Z,Sell,20.21,2675
2025-07-24T02:19:57.7065429Z,Sell,20.20,3
2025-07-24T02:19:57.7065429Z,Sell,20.20,1672
2025-07-24T02:19:57.7065429Z,Sell,20.20,2152
2025-07-24T02:19:57.7065429Z,Sell,20.19,1061
2025-07-24T02:19:57.7065429Z,Sell,20.19,167
2025-07-24T02:19:57.7065429Z,Sell,20.19,1444
2025-07-24T02:19:57.7065429Z,Sell,20.19,82
2025-07-24T02:19:57.7065429Z,Sell,20.19,1296
2025-07-24T02:19:57.7065429Z,Sell,20.19,1223
2025-07-24T02:19:57.7165429Z,Buy,20.22,316
2025-07-24T02:19:57.7365429Z,Buy,20.22,2184
2025-07-24T02:19:57.7365429Z,Buy,20.22,316
2025-07-24T02:19:57.7365429Z,Buy,20.23,208
2025-07-24T02:19:57.7365429Z,Buy,20.23,98
2025-07-24T02:19:57.7565429Z,Sell,20.20,1212
2025-07-24T02:19:57.7665429Z,Sell,20.20,631
2025-07-24T02:19:57.7765429Z,Buy,20.22,219
2025-07-24T02:19:57.7865429Z,Buy,20.22,833
2025-07-24T02:19:57.7965429Z,Buy,20.22,1505
2025-07-24T02:19:57.7965429Z,Buy,20.22,2500
2025-07-24T02:19:57.7965429Z,Buy,20.23,5093
2025-07-24T02:19:57.7965429Z,Buy,20.23,1475
2025-07-24T02:19:57.7965429Z,Buy,20.23,474
2025-07-24T02:19:57.8365429Z,Buy,20.23,692
2025-07-24T02:19:57.8565429Z,Sell,20.21,399
2025-07-24T02:19:57.8665429Z,Buy,20.23,2500
2025-07-24T02:19:57.8665429Z,Buy,20.23,154
2025-07-24T02:19:57.8765429Z,Sell,20.21,425
2025-07-24T02:19:57.8865429Z,Sell,20.21,871
2025-07-24T02:19:57.9065429Z,Buy,20.23,152
2025-07-24T02:19:57.9265429Z,Buy,20.23,1827
2025-07-24T02:19:57.9265429Z,Buy,20.24,1309
2025-07-24T02:19:57.9365429Z,Sell,20.22,2177
2025-07-24T02:19:57.9665429Z,Sell,20.22,3720
2025-07-24T02:19:57.9765429Z,Sell,20.22,1259
2025-07-24T02:19:57.9865429Z,Sell,20.22,228
2025-07-24T02:19:57.9865429Z,Sell,20.22,71
2025-07-24T02:19:57.9865429Z,Sell,20.22,357
2025-07-24T02:19:57.9965429Z,Sell,20.22,2143
2025-07-24T02:19:57.9965429Z,Sell,20.22,357
2025-07-24T02:19:57.9965429Z,Sell,20.21,1348
2025-07-24T02:19:58.0365429Z,Sell,20.21,765
2025-07-24T02:19:58.0465429Z,Buy,20.23,1431
2025-07-24T02:19:58.0465429Z,Buy,20.23,669
2025-07-24T02:19:58.0565429Z,Buy,20.23,433
2025-07-24T02:19:58.0865429Z,Buy,20.22,458
2025-07-24T02:19:58.0865429Z,Buy,20.23,133
2025-07-24T02:19:58.1065429Z,Sell,20.21,417
2025-07-24T02:19:58.1065429Z,Sell,20.21,439
2025-07-24T02:19:58.1065429Z,Sell,20.21,43
2025-07-24T02:19:58.1265429Z,Sell,20.21,823
2025-07-24T02:19:58.1565429Z,Buy,20.23,222
2025-07-24T02:19:58.1765429Z,Sell,20.21,1384
2025-07-24T02:19:58.1865429Z,Buy,20.23,426
2025-07-24T02:19:58.2165429Z,Sell,20.21,2500
2025-07-24T02:19:58.2165429Z,Sell,20.21,6365
2025-07-24T02:19:58.2165429Z,Sell,20.21,75
2025-07-24T02:19:58.2165429Z,Sell,20.21,62
2025-07-24T02:19:58.2165429Z,Sell,20.20,2152
2025-07-24T02:19:58.2165429Z,Sell,20.19,1852
2025-07-24T02:19:58.2165429Z,Sell,20.19,1575
2025-07-24T02:19:58.2265429Z,Sell,20.20,2500
2025-07-24T02:19:58.2265429Z,Sell,20.19,175
2025-07-24T02:19:58.2565429Z,Sell,20.20,131
2025-07-24T02:19:58.2965429Z,Sell,20.20,2369
2025-07-24T02:19:58.2965429Z,Sell,20.20,131
2025-07-24T02:19:58.2965429Z,Sell,20.19,1823
2025-07-24T02:19:58.3065429Z,Buy,20.21,1618
2025-07-24T02:19:58.3365429Z,Buy,20.20,227
2025-07-24T02:19:58.3465429Z,Buy,20.20,215
2025-07-24T02:19:58.3465429Z,Buy,20.21,394
2025-07-24T02:19:58.3565429Z,Buy,20.21,2500
2025-07-24T02:19:58.3565429Z,Buy,20.22,82
2025-07-24T02:19:58.3665429Z,Buy,20.21,1690
2025-07-24T02:19:58.3765429Z,Sell,20.19,220
2025-07-24T02:19:58.3865429Z,Sell,20.19,84
2025-07-24T02:19:58.4165429Z,Buy,20.22,574
2025-07-24T02:19:58.4365429Z,Buy,20.22,2500
2025-07-24T02:19:58.4365429Z,Buy,20.23,1042
2025-07-24T02:19:58.4665429Z,Sell,20.20,624
2025-07-24T02:19:58.4765429Z,Buy,20.22,2500
2025-07-24T02:19:58.4765429Z,Buy,20.23,2019
2025-07-24T02:19:58.4765429Z,Buy,20.23,2152
2025-07-24T02:19:58.4765429Z,Buy,20.24,1850
2025-07-24T02:19:58.4765429Z,Buy,20.24,1502
2025-07-24T02:19:58.4865429Z,Sell,20.21,2171
2025-07-24T02:19:58.5065429Z,Buy,20.24,1533
2025-07-24T02:19:58.5165429Z,Buy,20.24,967
2025-07-24T02:19:58.5165429Z,Buy,20.24,1533
2025-07-24T02:19:58.5165429Z,Buy,20.24,662
2025-07-24T02:19:58.5665429Z,Sell,20.22,255
2025-07-24T02:19:58.5865429Z,Sell,20.22,126
2025-07-24T02:19:58.5865429Z,Sell,20.22,739
2025-07-24T02:19:58.6165429Z,Sell,20.22,930
2025-07-24T02:19:58.6165429Z,Sell,20.22,796
2025-07-24T02:19:58.6265429Z,Buy,20.23,796
2025-07-24T02:19:58.6265429Z,Buy,20.23,179
2025-07-24T02:19:58.6365429Z,Buy,20.23,578
2025-07-24T02:19:58.6365429Z,Buy,20.23,399
2025-07-24T02:19:58.6465429Z,Sell,20.21,388
2025-07-24T02:19:58.6665429Z,Buy,20.22,209
2025-07-24T02:19:58.6865429Z,Buy,20.22,2331
2025-07-24T02:19:58.6865429Z,Buy,20.23,223
2025-07-24T02:19:58.6965429Z,Sell,20.21,1601
2025-07-24T02:19:58.7265429Z,Sell,20.21,2391
2025-07-24T02:19:58.7465429Z,Buy,20.22,475
2025-07-24T02:19:58.7465429Z,Buy,20.22,431
2025-07-24T02:19:58.7465429Z,Buy,20.23,848
2025-07-24T02:19:58.7665429Z,Buy,20.23,1553
2025-07-24T02:19:58.7865429Z,Buy,20.24,1338
2025-07-24T02:19:58.7965429Z,Sell,20.23,872
2025-07-24T02:19:58.8165429Z,Sell,20.23,244
2025-07-24T02:19:58.8165429Z,Sell,20.23,852
2025-07-24T02:19:58.8265429Z,Sell,20.22,530
2025-07-24T02:19:58.8365429Z,Buy,20.24,424
2025-07-24T02:19:58.8365429Z,Buy,20.24,919
2025-07-24T02:19:58.8365429Z,Buy,20.24,14
2025-07-24T02:19:58.8465429Z,Buy,20.24,300
2025-07-24T02:19:58.8565429Z,Sell,20.22,878
2025-07-24T02:19:58.8765429Z,Buy,20.23,641
2025-07-24T02:19:58.8765429Z,Buy,20.24,2500
2025-07-24T02:19:58.8765429Z,Buy,20.24,918
2025-07-24T02:19:58.8765429Z,Buy,20.24,1688
2025-07-24T02:19:58.8865429Z,Sell,20.22,2098
2025-07-24T02:19:58.8865429Z,Sell,20.22,2500
2025-07-24T02:19:58.8865429Z,Sell,20.21,707
2025-07-24T02:19:58.8865429Z,Sell,20.21,311
2025-07-24T02:19:58.8965429Z,Sell,20.22,280
2025-07-24T02:19:58.9065429Z,Buy,20.24,1082
2025-07-24T02:19:58.9565429Z,Sell,20.21,2500
2025-07-24T02:19:58.9565429Z,Sell,20.20,2152
2025-07-24T02:19:58.9565429Z,Sell,20.20,328
2025-07-24T02:19:58.9565429Z,Sell,20.20,2776
2025-07-24T02:19:58.9665429Z,Buy,20.23,415
2025-07-24T02:19:58.9965429Z,Sell,20.21,113
2025-07-24T02:19:58.9965429Z,Sell,20.21,698
2025-07-24T02:19:59.0065429Z,Sell,20.21,2094
2025-07-24T02:19:59.0065429Z,Sell,20.21,803
2025-07-24T02:19:59.0165429Z,Sell,20.21,589
2025-07-24T02:19:59.0265429Z,Buy,20.23,858
2025-07-24T02:19:59.0465429Z,Buy,20.23,618
2025-07-24T02:19:59.0565429Z,Buy,20.23,858
2025-07-24T02:19:59.0565429Z,Buy,20.23,1024
2025-07-24T02:19:59.0565429Z,Buy,20.23,618
2025-07-24T02:19:59.0565429Z,Buy,20.23,298
2025-07-24T02:19:59.0565429Z,Buy,20.23,916
2025-07-24T02:19:59.0565429Z,Buy,20.24,850
2025-07-24T02:19:59.0965429Z,Buy,20.23,1527
2025-07-24T02:19:59.1065429Z,Buy,20.23,1761
2025-07-24T02:19:59.1165429Z,Buy,20.23,1979
2025-07-24T02:19:59.1165429Z,Buy,20.23,1335
2025-07-24T02:19:59.1265429Z,Sell,20.21,2042
2025-07-24T02:19:59.1465429Z,Sell,20.22,485
2025-07-24T02:19:59.1565429Z,Sell,20.22,2317
2025-07-24T02:19:59.1765429Z,Buy,20.24,2500
2025-07-24T02:19:59.1765429Z,Buy,20.24,1530
2025-07-24T02:19:59.1765429Z,Buy,20.24,439
2025-07-24T02:19:59.1765429Z,Buy,20.24,1216
2025-07-24T02:19:59.1765429Z,Buy,20.24,2161
2025-07-24T02:19:59.1765429Z,Buy,20.25,1702
2025-07-24T02:19:59.1865429Z,Buy,20.24,1828
2025-07-24T02:19:59.2065429Z,Buy,20.24,276
2025-07-24T02:19:59.2165429Z,Buy,20.24,1828
2025-07-24T02:19:59.2165429Z,Buy,20.24,396
2025-07-24T02:19:59.2165429Z,Buy,20.24,276
2025-07-24T02:19:59.2165429Z,Buy,20.25,1294
2025-07-24T02:19:59.2365429Z,Buy,20.25,686
2025-07-24T02:19:59.2765429Z,Buy,20.25,1231
2025-07-24T02:19:59.2865429Z,Sell,20.23,652
2025-07-24T02:19:59.2965429Z,Buy,20.25,559
2025-07-24T02:19:59.3365429Z,Buy,20.24,1670
2025-07-24T02:19:59.3765429Z,Sell,20.23,492
2025-07-24T02:19:59.3865429Z,Sell,20.23,22
2025-07-24T02:19:59.3865429Z,Sell,20.23,568
2025-07-24T02:19:59.3965429Z,Sell,20.22,748
2025-07-24T02:19:59.4065429Z,Buy,20.24,286
2025-07-24T02:19:59.4065429Z,Buy,20.24,1095
2025-07-24T02:19:59.4165429Z,Sell,20.22,268
2025-07-24T02:19:59.4265429Z,Sell,20.22,712
2025-07-24T02:19:59.4565429Z,Buy,20.24,285
2025-07-24T02:19:59.4765429Z,Sell,20.22,1040
2025-07-24T02:19:59.4965429Z,Sell,20.22,721
2025-07-24T02:19:59.4965429Z,Sell,20.22,665
2025-07-24T02:19:59.4965429Z,Sell,20.22,1
2025-07-24T02:19:59.5465429Z,Buy,20.23,3191
2025-07-24T02:19:59.5465429Z,Buy,20.23,104
2025-07-24T02:19:59.5465429Z,Buy,20.23,130
2025-07-24T02:19:59.5465429Z,Buy,20.24,788
2025-07-24T02:19:59.5765429Z,Sell,20.22,127
2025-07-24T02:19:59.5965429Z,Sell,20.22,291
2025-07-24T02:19:59.6265429Z,Buy,20.23,99
2025-07-24T02:19:59.6365429Z,Sell,20.22,393
2025-07-24T02:19:59.6365429Z,Sell,20.22,170
2025-07-24T02:19:59.6365429Z,Sell,20.22,302
2025-07-24T02:19:59.6365429Z,Sell,20.22,234
2025-07-24T02:19:59.6765429Z,Buy,20.23,419
2025-07-24T02:19:59.6865429Z,Sell,20.22,481
2025-07-24T02:19:59.6865429Z,Sell,20.22,441
2025-07-24T02:19:59.7165429Z,Sell,20.22,1297
2025-07-24T02:19:59.7265429Z,Buy,20.23,329
2025-07-24T02:19:59.7365429Z,Sell,20.22,2145
2025-07-24T02:19:59.7465429Z,Buy,20.23,145
2025-07-24T02:19:59.7465429Z,Buy,20.23,606
2025-07-24T02:19:59.7465429Z,Buy,20.23,128
2025-07-24T02:19:59.7565429Z,Sell,20.22,552
2025-07-24T02:19:59.7665429Z,Buy,20.23,438
2025-07-24T02:19:59.7765429Z,Sell,20.22,127
2025-07-24T02:19:59.7765429Z,Sell,20.22,492
2025-07-24T02:19:59.7965429Z,Sell,20.21,2500
2025-07-24T02:19:59.7965429Z,Sell,20.21,379
2025-07-24T02:19:59.7965429Z,Sell,20.21,94
2025-07-24T02:19:59.8065429Z,Sell,20.21,1276
2025-07-24T02:19:59.8265429Z,Sell,20.21,128
2025-07-24T02:19:59.8265429Z,Sell,20.21,2215
2025-07-24T02:19:59.8465429Z,Sell,20.21,391
2025-07-24T02:19:59.8565429Z,Buy,20.23,113
2025-07-24T02:19:59.8565429Z,Buy,20.23,446
2025-07-24T02:19:59.9065429Z,Sell,20.21,520
2025-07-24T02:19:59.9065429Z,Sell,20.21,1441
2025-07-24T02:19:59.9065429Z,Sell,20.21,467
2025-07-24T02:19:59.9265429Z,Sell,20.20,504
2025-07-24T02:19:59.9365429Z,Sell,20.20,1128
2025-07-24T02:19:59.9565429Z,Sell,20.20,1461
2025-07-24T02:19:59.9665429Z,Buy,20.22,1421
2025-07-24T02:19:59.9665429Z,Buy,20.22,581
2025-07-24T02:19:59.9765429Z,Buy,20.22,192
2025-07-24T02:19:59.9865429Z,Sell,20.20,2500
2025-07-24T02:19:59.9865429Z,Sell,20.19,2152
2025-07-24T02:19:59.9865429Z,Sell,20.19,2964
2025-07-24T02:19:59.9865429Z,Sell,20.19,870
2025-07-24T02:19:59.9865429Z,Sell,20.19,3396
2025-07-24T02:19:59.9865429Z,Sell,20.19,351
2025-07-24T02:19:59.9865429Z,Sell,20.18,424
2025-07-24T02:20:00.0065429Z,Buy,20.21,755
2025-07-24T02:20:00.0165429Z,Buy,20.21,689
2025-07-24T02:20:00.0165429Z,Buy,20.21,1272
2025-07-24T02:20:00.0365429Z,Sell,20.20,1817
2025-07-24T02:20:00.0365429Z,Sell,20.20,2038
2025-07-24T02:20:00.0565429Z,Sell,20.19,2406
2025-07-24T02:20:00.0765429Z,Sell,20.19,2371
2025-07-24T02:20:00.1165429Z,Buy,20.20,2371
2025-07-24T02:20:00.1165429Z,Buy,20.21,1164
2025-07-24T02:20:00.1165429Z,Buy,20.21,250
2025-07-24T02:20:00.1265429Z,Buy,20.21,2058
2025-07-24T02:20:00.1565429Z,Sell,20.19,301
2025-07-24T02:20:00.1765429Z,Sell,20.19,1192
2025-07-24T02:20:00.1865429Z,Sell,20.19,334
2025-07-24T02:20:00.1965429Z,Buy,20.21,1655
2025-07-24T02:20:00.2765429Z,Buy,20.21,495
2025-07-24T02:20:00.2865429Z,Sell,20.19,438
2025-07-24T02:20:00.3265429Z,Sell,20.19,471
2025-07-24T02:20:00.3265429Z,Sell,20.19,815
2025-07-24T02:20:00.3465429Z,Buy,20.21,285
2025-07-24T02:20:00.3565429Z,Buy,20.21,271
2025-07-24T02:20:00.3765429Z,Sell,20.20,338
2025-07-24T02:20:00.4065429Z,Sell,20.20,1734
2025-07-24T02:20:00.4065429Z,Sell,20.20,424
2025-07-24T02:20:00.4265429Z,Sell,20.20,2093
2025-07-24T02:20:00.4365429Z,Sell,20.20,11452
2025-07-24T02:20:00.4465429Z,Sell,20.20,2539
2025-07-24T02:20:00.4765429Z,Sell,20.20,719
2025-07-24T02:20:00.4865429Z,Buy,20.21,1237
2025-07-24T02:20:00.5065429Z,Sell,20.20,1140
2025-07-24T02:20:00.5165429Z,Sell,20.20,1341
2025-07-24T02:20:00.5265429Z,Sell,20.20,1108
2025-07-24T02:20:00.5265429Z,Sell,20.20,1975
2025-07-24T02:20:00.5365429Z,Sell,20.19,2500
2025-07-24T02:20:00.5365429Z,Sell,20.19,270
2025-07-24T02:20:00.5365429Z,Sell,20.19,730
2025-07-24T02:20:00.5365429Z,Sell,20.19,389
2025-07-24T02:20:00.5365429Z,Sell,20.19,3539
2025-07-24T02:20:00.5365429Z,Sell,20.19,434
2025-07-24T02:20:00.5365429Z,Sell,20.19,1806
2025-07-24T02:20:00.5365429Z,Sell,20.19,87
2025-07-24T02:20:00.5365429Z,Sell,20.19,2016
2025-07-24T02:20:00.5365429Z,Sell,20.19,2168
2025-07-24T02:20:00.5365429Z,Sell,20.18,760
2025-07-24T02:20:00.6065429Z,Sell,20.19,1176
2025-07-24T02:20:00.6265429Z,Sell,20.18,225
2025-07-24T02:20:00.6365429Z,Sell,20.18,128
2025-07-24T02:20:00.6465429Z,Sell,20.18,2482
2025-07-24T02:20:00.6665429Z,Buy,20.20,78
2025-07-24T02:20:00.6665429Z,Buy,20.21,926
2025-07-24T02:20:00.6765429Z,Sell,20.19,491
2025-07-24T02:20:00.7065429Z,Buy,20.21,775
2025-07-24T02:20:00.7365429Z,Buy,20.20,623
2025-07-24T02:20:00.7465429Z,Buy,20.20,675
2025-07-24T02:20:00.7565429Z,Buy,20.20,390
2025-07-24T02:20:00.7665429Z,Sell,20.19,635
2025-07-24T02:20:00.7865429Z,Sell,20.19,155
2025-07-24T02:20:00.7965429Z,Sell,20.19,541
2025-07-24T02:20:00.7965429Z,Sell,20.19,568
2025-07-24T02:20:00.8065429Z,Sell,20.19,522
2025-07-24T02:20:00.8165429Z,Buy,20.20,516
2025-07-24T02:20:00.8265429Z,Buy,20.20,1087
2025-07-24T02:20:00.8365429Z,Sell,20.19,798
2025-07-24T02:20:00.8365429Z,Sell,20.19,2610
2025-07-24T02:20:00.8365429Z,Sell,20.19,2500
2025-07-24T02:20:00.8365429Z,Sell,20.18,61
2025-07-24T02:20:00.8465429Z,Sell,20.18,219
2025-07-24T02:20:00.8465429Z,Sell,20.18,466
2025-07-24T02:20:00.8565429Z,Sell,20.18,845
2025-07-24T02:20:00.8665429Z,Sell,20.18,279
2025-07-24T02:20:00.8665429Z,Sell,20.18,639
2025-07-24T02:20:00.8765429Z,Buy,20.20,492
2025-07-24T02:20:00.9065429Z,Buy,20.20,2500
2025-07-24T02:20:00.9065429Z,Buy,20.20,654
2025-07-24T02:20:00.9065429Z,Buy,20.20,228
2025-07-24T02:20:00.9065429Z,Buy,20.21,397
2025-07-24T02:20:00.9065429Z,Buy,20.21,378
2025-07-24T02:20:00.9565429Z,Sell,20.18,2086
2025-07-24T02:20:00.9665429Z,Buy,20.20,388
2025-07-24T02:20:00.9665429Z,Buy,20.20,1579
2025-07-24T02:20:00.9765429Z,Buy,20.20,921
2025-07-24T02:20:00.9765429Z,Buy,20.20,190
2025-07-24T02:20:00.9865429Z,Sell,20.18,634
2025-07-24T02:20:01.0065429Z,Sell,20.18,1866
2025-07-24T02:20:01.0065429Z,Sell,20.18,634
2025-07-24T02:20:01.0065429Z,Sell,20.18,181
2025-07-24T02:20:01.0465429Z,Buy,20.20,265
2025-07-24T02:20:01.0865429Z,Sell,20.18,874
2025-07-24T02:20:01.0965429Z,Sell,20.18,1626
2025-07-24T02:20:01.0965429Z,Sell,20.18,57
2025-07-24T02:20:01.1065429Z,Sell,20.18,776
2025-07-24T02:20:01.1365429Z,Sell,20.18,908
2025-07-24T02:20:01.1665429Z,Buy,20.20,638
2025-07-24T02:20:01.2065429Z,Sell,20.19,3388
2025-07-24T02:20:01.2465429Z,Buy,20.20,759
2025-07-24T02:20:01.2465429Z,Buy,20.20,102
2025-07-24T02:20:01.2665429Z,Sell,20.19,574
2025-07-24T02:20:01.2965429Z,Buy,20.20,632
2025-07-24T02:20:01.2965429Z,Buy,20.20,694
2025-07-24T02:20:01.3065429Z,Sell,20.19,485
2025-07-24T02:20:01.3165429Z,Buy,20.20,114
2025-07-24T02:20:01.3165429Z,Buy,20.20,383
2025-07-24T02:20:01.3265429Z,Sell,20.19,164
2025-07-24T02:20:01.3265429Z,Sell,20.19,627
2025-07-24T02:20:01.3265429Z,Sell,20.19,276
2025-07-24T02:20:01.3265429Z,Sell,20.19,1897
2025-07-24T02:20:01.3265429Z,Sell,20.19,2342
2025-07-24T02:20:01.3365429Z,Sell,20.18,152
2025-07-24T02:20:01.3765429Z,Buy,20.19,239
2025-07-24T02:20:01.3865429Z,Buy,20.19,706
2025-07-24T02:20:01.3965429Z,Sell,20.18,1969
2025-07-24T02:20:01.3965429Z,Sell,20.18,598
2025-07-24T02:20:01.3965429Z,Sell,20.18,97
2025-07-24T02:20:01.4265429Z,Sell,20.18,301
2025-07-24T02:20:01.4765429Z,Buy,20.19,1045
2025-07-24T02:20:01.4965429Z,Buy,20.19,37
2025-07-24T02:20:01.5265429Z,Sell,20.18,319
2025-07-24T02:20:01.5465429Z,Buy,20.19,887
2025-07-24T02:20:01.5465429Z,Buy,20.19,1050
2025-07-24T02:20:01.5465429Z,Buy,20.19,297
2025-07-24T02:20:01.5865429Z,Buy,20.19,900
2025-07-24T02:20:01.5965429Z,Buy,20.19,1418
2025-07-24T02:20:01.6265429Z,Buy,20.19,752
2025-07-24T02:20:01.6465429Z,Sell,20.18,429
2025-07-24T02:20:01.6565429Z,Buy,20.19,1201
2025-07-24T02:20:01.6565429Z,Buy,20.19,10766
2025-07-24T02:20:01.6565429Z,Buy,20.19,10
2025-07-24T02:20:01.6565429Z,Buy,20.19,34
2025-07-24T02:20:01.6565429Z,Buy,20.19,4114
2025-07-24T02:20:01.6565429Z,Buy,20.20,1039
2025-07-24T02:20:01.6665429Z,Buy,20.20,2500
2025-07-24T02:20:01.6665429Z,Buy,20.20,1123
2025-07-24T02:20:01.7065429Z,Buy,20.20,306
2025-07-24T02:20:01.7065429Z,Buy,20.20,345
2025-07-24T02:20:01.7065429Z,Buy,20.20,389
2025-07-24T02:20:01.7165429Z,Buy,20.20,657
2025-07-24T02:20:01.7265429Z,Sell,20.18,541
2025-07-24T02:20:01.7365429Z,Buy,20.20,1195
2025-07-24T02:20:01.7565429Z,Buy,20.19,127
2025-07-24T02:20:01.7865429Z,Buy,20.19,1495
2025-07-24T02:20:01.7965429Z,Sell,20.18,171
2025-07-24T02:20:01.7965429Z,Sell,20.18,346
2025-07-24T02:20:01.7965429Z,Sell,20.18,232
2025-07-24T02:20:01.8365429Z,Sell,20.18,873
2025-07-24T02:20:01.8665429Z,Sell,20.18,329
2025-07-24T02:20:01.8665429Z,Sell,20.18,470
2025-07-24T02:20:01.8665429Z,Sell,20.18,1202
2025-07-24T02:20:01.9065429Z,Sell,20.18,169
2025-07-24T02:20:01.9065429Z,Sell,20.18,1445
2025-07-24T02:20:01.9165429Z,Sell,20.18,1375
2025-07-24T02:20:01.9365429Z,Buy,20.19,466
2025-07-24T02:20:01.9565429Z,Sell,20.18,464
2025-07-24T02:20:01.9665429Z,Buy,20.19,434
2025-07-24T02:20:01.9965429Z,Sell,20.18,2196
2025-07-24T02:20:02.0065429Z,Buy,20.19,409
2025-07-24T02:20:02.0065429Z,Buy,20.19,620
2025-07-24T02:20:02.0065429Z,Buy,20.19,243
2025-07-24T02:20:02.0365429Z,Sell,20.18,161
2025-07-24T02:20:02.0565429Z,Sell,20.18,2775
2025-07-24T02:20:02.0765429Z,Buy,20.19,242
2025-07-24T02:20:02.0865429Z,Sell,20.18,43
2025-07-24T02:20:02.1465429Z,Buy,20.19,2270
2025-07-24T02:20:02.1665429Z,Sell,20.18,966
2025-07-24T02:20:02.1765429Z,Sell,20.18,451
2025-07-24T02:20:02.1765429Z,Sell,20.18,1591
2025-07-24T02:20:02.1965429Z,Sell,20.18,251
2025-07-24T02:20:02.1965429Z,Sell,20.18,630
2025-07-24T02:20:02.1965429Z,Sell,20.18,460
2025-07-24T02:20:02.1965429Z,Sell,20.18,1312
2025-07-24T02:20:02.2065429Z,Sell,20.18,542
2025-07-24T02:20:02.2365429Z,Buy,20.19,3539
2025-07-24T02:20:02.2565429Z,Buy,20.19,706
2025-07-24T02:20:02.2565429Z,Buy,20.19,6165
2025-07-24T02:20:02.2565429Z,Buy,20.20,2326
2025-07-24T02:20:02.2865429Z,Sell,20.19,283
2025-07-24T02:20:02.2865429Z,Sell,20.19,962
2025-07-24T02:20:02.2965429Z,Buy,20.20,3547
2025-07-24T02:20:02.2965429Z,Buy,20.20,1071
2025-07-24T02:20:02.2965429Z,Buy,20.20,971
2025-07-24T02:20:02.3065429Z,Buy,20.20,211
2025-07-24T02:20:02.3265429Z,Buy,20.20,2030
2025-07-24T02:20:02.3365429Z,Buy,20.20,447
2025-07-24T02:20:02.3665429Z,Sell,20.18,2500
2025-07-24T02:20:02.3665429Z,Sell,20.18,1001
2025-07-24T02:20:02.3765429Z,Sell,20.18,386
2025-07-24T02:20:02.3765429Z,Sell,20.18,4
2025-07-24T02:20:02.3965429Z,Buy,20.19,507
2025-07-24T02:20:02.4365429Z,Sell,20.18,87
2025-07-24T02:20:02.4565429Z,Sell,20.18,348
2025-07-24T02:20:02.4565429Z,Sell,20.18,411
2025-07-24T02:20:02.4665429Z,Sell,20.18,130
2025-07-24T02:20:02.4765429Z,Buy,20.19,334
2025-07-24T02:20:02.4765429Z,Buy,20.19,420
2025-07-24T02:20:02.4765429Z,Buy,20.19,704
2025-07-24T02:20:02.4865429Z,Sell,20.18,569
2025-07-24T02:20:02.4965429Z,Sell,20.18,148
2025-07-24T02:20:02.4965429Z,Sell,20.18,182
2025-07-24T02:20:02.5165429Z,Buy,20.19,202
2025-07-24T02:20:02.5265429Z,Sell,20.18,2404
2025-07-24T02:20:02.5365429Z,Buy,20.19,127
2025-07-24T02:20:02.5365429Z,Buy,20.19,259
2025-07-24T02:20:02.5365429Z,Buy,20.20,1
2025-07-24T02:20:02.5665429Z,Buy,20.20,1712
2025-07-24T02:20:02.5765429Z,Sell,20.18,452
2025-07-24T02:20:02.6065429Z,Sell,20.19,432
2025-07-24T02:20:02.6265429Z,Buy,20.20,2565
2025-07-24T02:20:02.6265429Z,Buy,20.20,1598
2025-07-24T02:20:02.6265429Z,Buy,20.20,327
2025-07-24T02:20:02.6265429Z,Buy,20.20,723
2025-07-24T02:20:02.6265429Z,Buy,20.20,1047
2025-07-24T02:20:02.6365429Z,Buy,20.20,2000
2025-07-24T02:20:02.6765429Z,Sell,20.19,313
2025-07-24T02:20:02.6865429Z,Sell,20.19,1002
2025-07-24T02:20:02.7065429Z,Sell,20.19,653
2025-07-24T02:20:02.7065429Z,Sell,20.19,1660
2025-07-24T02:20:02.7065429Z,Sell,20.19,2500
2025-07-24T02:20:02.7065429Z,Sell,20.18,3675
2025-07-24T02:20:02.7065429Z,Sell,20.18,357
2025-07-24T02:20:02.7065429Z,Sell,20.18,1061
2025-07-24T02:20:02.7065429Z,Sell,20.18,4900
2025-07-24T02:20:02.7065429Z,Sell,20.18,2421
2025-07-24T02:20:02.7065429Z,Sell,20.18,2152
2025-07-24T02:20:02.7065429Z,Sell,20.17,160
2025-07-24T02:20:02.7265429Z,Buy,20.19,400
2025-07-24T02:20:02.7265429Z,Buy,20.19,52
2025-07-24T02:20:02.7365429Z,Buy,20.19,993
2025-07-24T02:20:02.7465429Z,Buy,20.19,52
2025-07-24T02:20:02.7465429Z,Buy,20.19,1455
2025-07-24T02:20:02.7465429Z,Buy,20.19,993
2025-07-24T02:20:02.7465429Z,Buy,20.20,1666
2025-07-24T02:20:02.7465429Z,Buy,20.20,585
2025-07-24T02:20:02.7465429Z,Buy,20.20,1672
2025-07-24T02:20:02.7465429Z,Buy,20.20,1703
2025-07-24T02:20:02.7565429Z,Buy,20.20,2500
2025-07-24T02:20:02.7565429Z,Buy,20.21,463
2025-07-24T02:20:02.7865429Z,Sell,20.18,2163
2025-07-24T02:20:02.8165429Z,Sell,20.18,232
2025-07-24T02:20:02.8665429Z,Buy,20.20,1171
2025-07-24T02:20:02.8765429Z,Sell,20.19,746
2025-07-24T02:20:02.8765429Z,Sell,20.19,2500
2025-07-24T02:20:02.8765429Z,Sell,20.18,286
2025-07-24T02:20:02.8965429Z,Buy,20.20,426
2025-07-24T02:20:02.9365429Z,Sell,20.19,916
2025-07-24T02:20:02.9365429Z,Sell,20.19,352
2025-07-24T02:20:02.9565429Z,Buy,20.20,160
2025-07-24T02:20:02.9565429Z,Buy,20.20,1550
2025-07-24T02:20:02.9665429Z,Buy,20.20,1575
2025-07-24T02:20:03.0065429Z,Sell,20.18,673
2025-07-24T02:20:03.0165429Z,Sell,20.18,520
2025-07-24T02:20:03.0365429Z,Buy,20.19,574
2025-07-24T02:20:03.0465429Z,Buy,20.19,383
2025-07-24T02:20:03.0965429Z,Sell,20.18,329
2025-07-24T02:20:03.0965429Z,Sell,20.18,728
2025-07-24T02:20:03.1465429Z,Buy,20.19,676
2025-07-24T02:20:03.1665429Z,Sell,20.18,967
2025-07-24T02:20:03.1665429Z,Sell,20.18,8
2025-07-24T02:20:03.1765429Z,Buy,20.19,1333
2025-07-24T02:20:03.2065429Z,Buy,20.19,362
2025-07-24T02:20:03.2365429Z,Buy,20.19,517
2025-07-24T02:20:03.2365429Z,Buy,20.19,661
2025-07-24T02:20:03.2465429Z,Sell,20.18,523
2025-07-24T02:20:03.2765429Z,Sell,20.18,1155
2025-07-24T02:20:03.2765429Z,Sell,20.18,524
2025-07-24T02:20:03.2765429Z,Sell,20.18,2235
2025-07-24T02:20:03.2765429Z,Sell,20.18,817
2025-07-24T02:20:03.2765429Z,Sell,20.18,62
2025-07-24T02:20:03.2965429Z,Sell,20.18,84
2025-07-24T02:20:03.2965429Z,Sell,20.18,923
2025-07-24T02:20:03.2965429Z,Sell,20.18,1427
2025-07-24T02:20:03.2965429Z,Sell,20.18,1505
2025-07-24T02:20:03.3165429Z,Buy,20.19,972
2025-07-24T02:20:03.3165429Z,Buy,20.19,230
2025-07-24T02:20:03.3165429Z,Buy,20.19,1231
2025-07-24T02:20:03.3365429Z,Buy,20.19,106
2025-07-24T02:20:03.3365429Z,Buy,20.19,197
2025-07-24T02:20:03.3465429Z,Buy,20.19,802
2025-07-24T02:20:03.3465429Z,Buy,20.20,631
2025-07-24T02:20:03.3565429Z,Buy,20.20,2124
2025-07-24T02:20:03.3665429Z,Sell,20.18,376
2025-07-24T02:20:03.3865429Z,Buy,20.20,317
2025-07-24T02:20:03.4065429Z,Sell,20.18,557
2025-07-24T02:20:03.4065429Z,Sell,20.18,772
2025-07-24T02:20:03.4065429Z,Sell,20.18,102
2025-07-24T02:20:03.4265429Z,Sell,20.17,1312
2025-07-24T02:20:03.4465429Z,Buy,20.19,511
2025-07-24T02:20:03.4665429Z,Buy,20.18,2226
2025-07-24T02:20:03.4865429Z,Sell,20.17,4269
2025-07-24T02:20:03.5065429Z,Buy,20.18,778
2025-07-24T02:20:03.5065429Z,Buy,20.19,767
2025-07-24T02:20:03.5365429Z,Buy,20.19,1016
2025-07-24T02:20:03.5465429Z,Buy,20.19,1240
2025-07-24T02:20:03.5665429Z,Buy,20.19,2500
2025-07-24T02:20:03.5665429Z,Buy,20.19,426
2025-07-24T02:20:03.5765429Z,Sell,20.17,1388
2025-07-24T02:20:03.6165429Z,Buy,20.19,418
2025-07-24T02:20:03.6265429Z,Sell,20.18,620
2025-07-24T02:20:03.6365429Z,Buy,20.19,837
2025-07-24T02:20:03.6365429Z,Buy,20.19,912
2025-07-24T02:20:03.6365429Z,Buy,20.19,248
2025-07-24T02:20:03.6365429Z,Buy,20.19,202
2025-07-24T02:20:03.6365429Z,Buy,20.19,3177
2025-07-24T02:20:03.6665429Z,Sell,20.18,449
2025-07-24T02:20:03.6765429Z,Buy,20.19,40
2025-07-24T02:20:03.6765429Z,Buy,20.20,2500
2025-07-24T02:20:03.6765429Z,Buy,20.20,9
2025-07-24T02:20:03.6965429Z,Sell,20.19,1240
2025-07-24T02:20:03.7065429Z,Buy,20.20,266
2025-07-24T02:20:03.7165429Z,Sell,20.19,1392
2025-07-24T02:20:03.7165429Z,Sell,20.19,1109
2025-07-24T02:20:03.7465429Z,Buy,20.20,964
2025-07-24T02:20:03.7465429Z,Buy,20.20,868
2025-07-24T02:20:03.7465429Z,Buy,20.20,183
2025-07-24T02:20:03.7465429Z,Buy,20.20,1522
2025-07-24T02:20:03.7465429Z,Buy,20.20,894
2025-07-24T02:20:03.7465429Z,Buy,20.21,2500
2025-07-24T02:20:03.7465429Z,Buy,20.21,127
2025-07-24T02:20:03.7465429Z,Buy,20.21,1044
2025-07-24T02:20:03.7465429Z,Buy,20.21,378
2025-07-24T02:20:03.7465429Z,Buy,20.21,1444
2025-07-24T02:20:03.7465429Z,Buy,20.21,643
2025-07-24T02:20:03.7665429Z,Buy,20.21,110
2025-07-24T02:20:03.7665429Z,Buy,20.21,40
2025-07-24T02:20:03.7765429Z,Sell,20.19,138
2025-07-24T02:20:03.7765429Z,Sell,20.19,1302
2025-07-24T02:20:03.8065429Z,Sell,20.19,2500
2025-07-24T02:20:03.8065429Z,Sell,20.18,83
2025-07-24T02:20:03.8065429Z,Sell,20.18,2063
2025-07-24T02:20:03.8165429Z,Sell,20.18,3278
2025-07-24T02:20:03.8365429Z,Sell,20.19,809
2025-07-24T02:20:03.8465429Z,Buy,20.20,572
2025-07-24T02:20:03.8465429Z,Buy,20.21,969
2025-07-24T02:20:03.8565429Z,Buy,20.21,2500
2025-07-24T02:20:03.8565429Z,Buy,20.21,68
2025-07-24T02:20:03.8965429Z,Sell,20.20,390
2025-07-24T02:20:03.9265429Z,Buy,20.21,2327
2025-07-24T02:20:03.9365429Z,Sell,20.20,191
2025-07-24T02:20:03.9565429Z,Sell,20.20,3182
2025-07-24T02:20:03.9565429Z,Sell,20.20,2178
2025-07-24T02:20:03.9565429Z,Sell,20.20,2500
2025-07-24T02:20:03.9565429Z,Sell,20.19,1541
2025-07-24T02:20:03.9565429Z,Sell,20.19,2152
2025-07-24T02:20:03.9565429Z,Sell,20.18,141
2025-07-24T02:20:03.9665429Z,Buy,20.21,2000
2025-07-24T02:20:03.9865429Z,Sell,20.19,272
2025-07-24T02:20:03.9965429Z,Buy,20.21,2500
2025-07-24T02:20:03.9965429Z,Buy,20.21,809
2025-07-24T02:20:04.0065429Z,Sell,20.19,272
2025-07-24T02:20:04.0165429Z,Sell,20.19,2500
2025-07-24T02:20:04.0165429Z,Sell,20.19,4330
2025-07-24T02:20:04.0365429Z,Buy,20.21,254
2025-07-24T02:20:04.0365429Z,Buy,20.21,2273
2025-07-24T02:20:04.0365429Z,Buy,20.21,303
2025-07-24T02:20:04.0465429Z,Sell,20.19,742
2025-07-24T02:20:04.0565429Z,Buy,20.21,1122
2025-07-24T02:20:04.0765429Z,Sell,20.19,667
2025-07-24T02:20:04.0865429Z,Buy,20.21,2393
2025-07-24T02:20:04.0965429Z,Sell,20.19,2281
2025-07-24T02:20:04.0965429Z,Sell,20.19,1833
2025-07-24T02:20:04.0965429Z,Sell,20.19,667
2025-07-24T02:20:04.0965429Z,Sell,20.18,949
2025-07-24T02:20:04.1065429Z,Sell,20.19,844
2025-07-24T02:20:04.1365429Z,Sell,20.18,457
2025-07-24T02:20:04.1465429Z,Buy,20.20,888
2025-07-24T02:20:04.1565429Z,Buy,20.20,1841
2025-07-24T02:20:04.1765429Z,Sell,20.18,297
2025-07-24T02:20:04.1865429Z,Buy,20.20,298
2025-07-24T02:20:04.1865429Z,Buy,20.20,5803
2025-07-24T02:20:04.1865429Z,Buy,20.20,1524
2025-07-24T02:20:04.2065429Z,Sell,20.18,558
2025-07-24T02:20:04.2065429Z,Sell,20.18,528
2025-07-24T02:20:04.2065429Z,Sell,20.18,4613
2025-07-24T02:20:04.2065429Z,Sell,20.18,2500
2025-07-24T02:20:04.2065429Z,Sell,20.18,615
2025-07-24T02:20:04.2065429Z,Sell,20.17,1629
2025-07-24T02:20:04.2065429Z,Sell,20.17,195
2025-07-24T02:20:04.2565429Z,Sell,20.18,5172
2025-07-24T02:20:04.2565429Z,Sell,20.18,1473
2025-07-24T02:20:04.2665429Z,Sell,20.18,1027
2025-07-24T02:20:04.2665429Z,Sell,20.18,835
2025-07-24T02:20:04.3065429Z,Sell,20.18,372
2025-07-24T02:20:04.3565429Z,Sell,20.19,476
2025-07-24T02:20:04.3565429Z,Sell,20.19,579
2025-07-24T02:20:04.3665429Z,Buy,20.20,197
2025-07-24T02:20:04.3665429Z,Buy,20.20,894
2025-07-24T02:20:04.3765429Z,Buy,20.20,209
2025-07-24T02:20:04.3765429Z,Buy,20.20,114
2025-07-24T02:20:04.3865429Z,Buy,20.20,819
2025-07-24T02:20:04.4065429Z,Sell,20.18,2500
2025-07-24T02:20:04.4065429Z,Sell,20.18,79
2025-07-24T02:20:04.4265429Z,Sell,20.18,146
2025-07-24T02:20:04.4265429Z,Sell,20.18,849
2025-07-24T02:20:04.4265429Z,Sell,20.18,1056
2025-07-24T02:20:04.4265429Z,Sell,20.18,2500
2025-07-24T02:20:04.4265429Z,Sell,20.18,538
2025-07-24T02:20:04.4265429Z,Sell,20.17,365
2025-07-24T02:20:04.4265429Z,Sell,20.17,132
2025-07-24T02:20:04.4265429Z,Sell,20.17,3031
2025-07-24T02:20:04.4365429Z,Buy,20.20,2500
2025-07-24T02:20:04.4365429Z,Buy,20.20,370
2025-07-24T02:20:04.4365429Z,Buy,20.21,2152
2025-07-24T02:20:04.4365429Z,Buy,20.21,3561
2025-07-24T02:20:04.4365429Z,Buy,20.21,1157
2025-07-24T02:20:04.4365429Z,Buy,20.21,1517
2025-07-24T02:20:04.4365429Z,Buy,20.22,144
2025-07-24T02:20:04.4565429Z,Sell,20.19,1052
2025-07-24T02:20:04.5065429Z,Sell,20.18,1956
2025-07-24T02:20:04.5565429Z,Buy,20.20,647
2025-07-24T02:20:04.5565429Z,Buy,20.20,180
2025-07-24T02:20:04.5865429Z,Sell,20.19,530
2025-07-24T02:20:04.5865429Z,Sell,20.19,1182
2025-07-24T02:20:04.6165429Z,Sell,20.19,421
2025-07-24T02:20:04.6165429Z,Sell,20.19,1992
2025-07-24T02:20:04.6265429Z,Sell,20.18,710
2025-07-24T02:20:04.6365429Z,Sell,20.18,946
2025-07-24T02:20:04.6465429Z,Buy,20.20,1533
2025-07-24T02:20:04.6565429Z,Buy,20.20,685
2025-07-24T02:20:04.6565429Z,Buy,20.20,1069
2025-07-24T02:20:04.6565429Z,Buy,20.20,2350
2025-07-24T02:20:04.6765429Z,Sell,20.18,243
2025-07-24T02:20:04.6965429Z,Buy,20.20,727
2025-07-24T02:20:04.6965429Z,Buy,20.20,923
2025-07-24T02:20:04.6965429Z,Buy,20.20,1183
2025-07-24T02:20:04.7265429Z,Sell,20.18,438
2025-07-24T02:20:04.7465429Z,Buy,20.19,680
2025-07-24T02:20:04.7565429Z,Buy,20.19,328
2025-07-24T02:20:04.7565429Z,Buy,20.20,2500
2025-07-24T02:20:04.7565429Z,Buy,20.20,206
2025-07-24T02:20:04.7565429Z,Buy,20.21,2152
2025-07-24T02:20:04.7565429Z,Buy,20.21,8776
2025-07-24T02:20:04.7565429Z,Buy,20.21,2665
2025-07-24T02:20:04.7565429Z,Buy,20.21,295
2025-07-24T02:20:04.7865429Z,Buy,20.20,315
2025-07-24T02:20:04.7965429Z,Sell,20.19,213
2025-07-24T02:20:04.7965429Z,Sell,20.19,2500
2025-07-24T02:20:04.7965429Z,Sell,20.18,578
2025-07-24T02:20:04.7965429Z,Sell,20.18,52
2025-07-24T02:20:04.8165429Z,Buy,20.20,336
2025-07-24T02:20:04.8265429Z,Sell,20.18,478
2025-07-24T02:20:04.8265429Z,Sell,20.18,2500
2025-07-24T02:20:04.8265429Z,Sell,20.17,559
2025-07-24T02:20:04.8465429Z,Sell,20.17,365
2025-07-24T02:20:04.8565429Z,Buy,20.19,298
2025-07-24T02:20:04.8665429Z,Sell,20.17,146
2025-07-24T02:20:04.8865429Z,Sell,20.18,1790
2025-07-24T02:20:04.8965429Z,Buy,20.19,442
2025-07-24T02:20:04.8965429Z,Buy,20.20,2500
2025-07-24T02:20:04.8965429Z,Buy,20.20,1326
2025-07-24T02:20:04.8965429Z,Buy,20.21,2152
2025-07-24T02:20:04.8965429Z,Buy,20.21,2113
2025-07-24T02:20:04.9165429Z,Buy,20.20,774
2025-07-24T02:20:04.9165429Z,Buy,20.20,44
2025-07-24T02:20:04.9765429Z,Buy,20.20,1381
2025-07-24T02:20:05.0065429Z,Sell,20.19,290
2025-07-24T02:20:05.0165429Z,Sell,20.19,1124
2025-07-24T02:20:05.0165429Z,Sell,20.19,917
2025-07-24T02:20:05.0165429Z,Sell,20.19,725
2025-07-24T02:20:05.0365429Z,Sell,20.19,712
2025-07-24T02:20:05.0365429Z,Sell,20.19,625
2025-07-24T02:20:05.0465429Z,Sell,20.19,522
2025-07-24T02:20:05.0465429Z,Sell,20.19,2500
2025-07-24T02:20:05.0465429Z,Sell,20.18,1409
2025-07-24T02:20:05.0465429Z,Sell,20.18,683
2025-07-24T02:20:05.0565429Z,Sell,20.18,502
2025-07-24T02:20:05.0665429Z,Sell,20.18,2500
2025-07-24T02:20:05.0665429Z,Sell,20.18,503
2025-07-24T02:20:05.0665429Z,Sell,20.17,359
2025-07-24T02:20:05.0765429Z,Sell,20.18,625
2025-07-24T02:20:05.0865429Z,Buy,20.20,1605
2025-07-24T02:20:05.1165429Z,Sell,20.17,1283
2025-07-24T02:20:05.1465429Z,Sell,20.17,2500
2025-07-24T02:20:05.1465429Z,Sell,20.17,153
2025-07-24T02:20:05.1465429Z,Sell,20.17,457
2025-07-24T02:20:05.1465429Z,Sell,20.17,2117
2025-07-24T02:20:05.1665429Z,Buy,20.19,859
2025-07-24T02:20:05.1865429Z,Sell,20.17,2515
2025-07-24T02:20:05.2065429Z,Buy,20.18,1304
2025-07-24T02:20:05.2365429Z,Sell,20.17,833
2025-07-24T02:20:05.2365429Z,Sell,20.17,700
2025-07-24T02:20:05.2365429Z,Sell,20.17,777
2025-07-24T02:20:05.2465429Z,Buy,20.18,666
2025-07-24T02:20:05.2565429Z,Buy,20.18,3566
2025-07-24T02:20:05.2665429Z,Sell,20.17,411
2025-07-24T02:20:05.2865429Z,Buy,20.18,112
2025-07-24T02:20:05.3065429Z,Sell,20.17,592
2025-07-24T02:20:05.3165429Z,Sell,20.17,726
2025-07-24T02:20:05.3165429Z,Sell,20.17,735
2025-07-24T02:20:05.3565429Z,Sell,20.17,550
2025-07-24T02:20:05.3565429Z,Sell,20.17,659
2025-07-24T02:20:05.3765429Z,Buy,20.18,796
2025-07-24T02:20:05.3765429Z,Buy,20.18,1131
2025-07-24T02:20:05.3865429Z,Sell,20.16,761
2025-07-24T02:20:05.3965429Z,Sell,20.16,686
2025-07-24T02:20:05.4165429Z,Sell,20.16,2500
2025-07-24T02:20:05.4165429Z,Sell,20.16,885
2025-07-24T02:20:05.4365429Z,Buy,20.18,279
2025-07-24T02:20:05.4465429Z,Buy,20.18,707
2025-07-24T02:20:05.4665429Z,Buy,20.18,1087
2025-07-24T02:20:05.4765429Z,Sell,20.17,497
2025-07-24T02:20:05.4965429Z,Sell,20.17,280
2025-07-24T02:20:05.4965429Z,Sell,20.17,2500
2025-07-24T02:20:05.4965429Z,Sell,20.16,782
2025-07-24T02:20:05.5065429Z,Buy,20.18,3096
2025-07-24T02:20:05.5065429Z,Buy,20.18,787
2025-07-24T02:20:05.5065429Z,Buy,20.18,2500
2025-07-24T02:20:05.5065429Z,Buy,20.19,766
2025-07-24T02:20:05.5065429Z,Buy,20.19,521
2025-07-24T02:20:05.5065429Z,Buy,20.19,94
2025-07-24T02:20:05.5165429Z,Sell,20.17,116
2025-07-24T02:20:05.5265429Z,Buy,20.19,1774
2025-07-24T02:20:05.5365429Z,Sell,20.17,1088
2025-07-24T02:20:05.5465429Z,Buy,20.19,726
2025-07-24T02:20:05.5465429Z,Buy,20.19,1457
2025-07-24T02:20:05.5565429Z,Buy,20.19,159
2025-07-24T02:20:05.5665429Z,Buy,20.19,177
2025-07-24T02:20:05.6465429Z,Buy,20.18,2199
2025-07-24T02:20:05.6465429Z,Buy,20.18,3070
2025-07-24T02:20:05.6565429Z,Buy,20.18,467
2025-07-24T02:20:05.6765429Z,Buy,20.18,185
2025-07-24T02:20:05.6765429Z,Buy,20.19,369
2025-07-24T02:20:05.6865429Z,Buy,20.19,2500
2025-07-24T02:20:05.6865429Z,Buy,20.19,655
2025-07-24T02:20:05.6865429Z,Buy,20.19,334
2025-07-24T02:20:05.6865429Z,Buy,20.19,79
2025-07-24T02:20:05.6865429Z,Buy,20.19,184
2025-07-24T02:20:05.6965429Z,Buy,20.19,533
2025-07-24T02:20:05.6965429Z,Buy,20.19,2500
2025-07-24T02:20:05.6965429Z,Buy,20.20,1520
2025-07-24T02:20:05.6965429Z,Buy,20.20,419
2025-07-24T02:20:05.7465429Z,Buy,20.19,948
2025-07-24T02:20:05.7565429Z,Sell,20.17,1143
2025-07-24T02:20:05.7665429Z,Buy,20.19,517
2025-07-24T02:20:05.7765429Z,Buy,20.19,2980
2025-07-24T02:20:05.8065429Z,Buy,20.19,296
2025-07-24T02:20:05.8265429Z,Sell,20.17,61
2025-07-24T02:20:05.8565429Z,Sell,20.17,704
2025-07-24T02:20:05.8665429Z,Buy,20.19,1771
2025-07-24T02:20:05.8665429Z,Buy,20.19,771
2025-07-24T02:20:05.8665429Z,Buy,20.19,2500
2025-07-24T02:20:05.8665429Z,Buy,20.20,731
2025-07-24T02:20:05.8865429Z,Buy,20.19,1415
2025-07-24T02:20:05.8965429Z,Sell,20.17,1609
2025-07-24T02:20:05.9065429Z,Buy,20.19,1085
2025-07-24T02:20:05.9065429Z,Buy,20.19,1387
2025-07-24T02:20:05.9265429Z,Buy,20.19,28
2025-07-24T02:20:05.9265429Z,Buy,20.19,2472
2025-07-24T02:20:05.9265429Z,Buy,20.20,1263
2025-07-24T02:20:05.9665429Z,Sell,20.18,112
2025-07-24T02:20:06.0065429Z,Sell,20.18,24
2025-07-24T02:20:06.0065429Z,Sell,20.18,753
2025-07-24T02:20:06.0365429Z,Sell,20.18,1111
2025-07-24T02:20:06.0465429Z,Buy,20.20,2500
2025-07-24T02:20:06.0465429Z,Buy,20.20,580
2025-07-24T02:20:06.0765429Z,Buy,20.20,1455
2025-07-24T02:20:06.0865429Z,Buy,20.20,371
2025-07-24T02:20:06.1165429Z,Sell,20.18,1352
2025-07-24T02:20:06.1165429Z,Sell,20.18,873
2025-07-24T02:20:06.1265429Z,Buy,20.19,144
2025-07-24T02:20:06.1265429Z,Buy,20.20,84
2025-07-24T02:20:06.1365429Z,Sell,20.18,291
2025-07-24T02:20:06.1365429Z,Sell,20.18,168
2025-07-24T02:20:06.1565429Z,Buy,20.19,279
2025-07-24T02:20:06.1565429Z,Buy,20.19,132
2025-07-24T02:20:06.1665429Z,Sell,20.17,376
2025-07-24T02:20:06.1865429Z,Buy,20.19,2368
2025-07-24T02:20:06.1865429Z,Buy,20.19,132
2025-07-24T02:20:06.1865429Z,Buy,20.20,1389
2025-07-24T02:20:06.1865429Z,Buy,20.20,647
2025-07-24T02:20:06.1965429Z,Buy,20.20,803
2025-07-24T02:20:06.2565429Z,Buy,20.19,606
2025-07-24T02:20:06.2565429Z,Buy,20.19,84
2025-07-24T02:20:06.2665429Z,Sell,20.17,587
2025-07-24T02:20:06.3565429Z,Buy,20.19,402
2025-07-24T02:20:06.3565429Z,Buy,20.19,155
2025-07-24T02:20:06.3765429Z,Buy,20.19,514
2025-07-24T02:20:06.3765429Z,Buy,20.19,836
2025-07-24T02:20:06.4065429Z,Buy,20.19,373
2025-07-24T02:20:06.4265429Z,Buy,20.19,124
2025-07-24T02:20:06.4365429Z,Buy,20.19,668
2025-07-24T02:20:06.4365429Z,Buy,20.19,177
2025-07-24T02:20:06.4365429Z,Buy,20.20,2500
2025-07-24T02:20:06.4365429Z,Buy,20.20,1023
2025-07-24T02:20:06.4365429Z,Buy,20.20,2794
2025-07-24T02:20:06.4365429Z,Buy,20.20,2148
2025-07-24T02:20:06.4365429Z,Buy,20.20,248
2025-07-24T02:20:06.4765429Z,Sell,20.19,318
2025-07-24T02:20:06.4765429Z,Sell,20.19,1569
2025-07-24T02:20:06.4765429Z,Sell,20.19,2707
2025-07-24T02:20:06.4965429Z,Sell,20.19,650
2025-07-24T02:20:06.5165429Z,Sell,20.19,352
2025-07-24T02:20:06.5165429Z,Sell,20.19,39
2025-07-24T02:20:06.5165429Z,Sell,20.19,136
2025-07-24T02:20:06.5365429Z,Buy,20.20,4257
2025-07-24T02:20:06.6065429Z,Sell,20.19,693
2025-07-24T02:20:06.6065429Z,Sell,20.19,595
2025-07-24T02:20:06.6065429Z,Sell,20.19,647
2025-07-24T02:20:06.6165429Z,Buy,20.20,172
2025-07-24T02:20:06.6165429Z,Buy,20.20,271
2025-07-24T02:20:06.6265429Z,Sell,20.19,617
2025-07-24T02:20:06.6265429Z,Sell,20.19,1996
2025-07-24T02:20:06.6365429Z,Sell,20.18,238
2025-07-24T02:20:06.6465429Z,Buy,20.20,720
2025-07-24T02:20:06.6465429Z,Buy,20.20,1737
2025-07-24T02:20:06.6865429Z,Buy,20.20,272
2025-07-24T02:20:06.7065429Z,Sell,20.19,607
2025-07-24T02:20:06.7265429Z,Sell,20.19,866
2025-07-24T02:20:06.7265429Z,Sell,20.19,2500
2025-07-24T02:20:06.7265429Z,Sell,20.18,2041
2025-07-24T02:20:06.7265429Z,Sell,20.18,506
2025-07-24T02:20:06.7265429Z,Sell,20.18,293
2025-07-24T02:20:06.7265429Z,Sell,20.18,2177
2025-07-24T02:20:06.7265429Z,Sell,20.18,1038
2025-07-24T02:20:06.7265429Z,Sell,20.18,1307
2025-07-24T02:20:06.7365429Z,Sell,20.18,66
2025-07-24T02:20:06.7365429Z,Sell,20.18,333
2025-07-24T02:20:06.7365429Z,Sell,20.18,519
2025-07-24T02:20:06.7365429Z,Sell,20.18,106
2025-07-24T02:20:06.7365429Z,Sell,20.18,141
2025-07-24T02:20:06.7765429Z,Buy,20.20,2403
2025-07-24T02:20:06.7865429Z,Buy,20.20,260
2025-07-24T02:20:06.7965429Z,Buy,20.20,2528
2025-07-24T02:20:06.8165429Z,Buy,20.20,340
2025-07-24T02:20:06.8165429Z,Buy,20.20,785
2025-07-24T02:20:06.8265429Z,Buy,20.20,2240
2025-07-24T02:20:06.8265429Z,Buy,20.20,239
2025-07-24T02:20:06.8365429Z,Buy,20.20,1646
2025-07-24T02:20:06.8465429Z,Sell,20.18,2500
2025-07-24T02:20:06.8465429Z,Sell,20.18,809
2025-07-24T02:20:06.8465429Z,Sell,20.18,1405
2025-07-24T02:20:06.8465429Z,Sell,20.18,2655
2025-07-24T02:20:06.8465429Z,Sell,20.17,125
2025-07-24T02:20:06.8465429Z,Sell,20.17,1496
2025-07-24T02:20:06.8665429Z,Sell,20.18,1030
2025-07-24T02:20:06.8765429Z,Sell,20.18,1470
2025-07-24T02:20:06.8765429Z,Sell,20.18,1030
2025-07-24T02:20:06.8765429Z,Sell,20.17,124
2025-07-24T02:20:06.8765429Z,Sell,20.17,3051
2025-07-24T02:20:06.8765429Z,Sell,20.17,1099
2025-07-24T02:20:06.9165429Z,Sell,20.18,496
2025-07-24T02:20:06.9265429Z,Buy,20.20,436
2025-07-24T02:20:06.9665429Z,Sell,20.19,570
2025-07-24T02:20:06.9665429Z,Sell,20.19,688
2025-07-24T02:20:06.9765429Z,Sell,20.18,179
2025-07-24T02:20:06.9865429Z,Buy,20.20,3728
2025-07-24T02:20:06.9965429Z,Sell,20.18,689
2025-07-24T02:20:07.0365429Z,Buy,20.20,1589
2025-07-24T02:20:07.0465429Z,Sell,20.19,1071
2025-07-24T02:20:07.0465429Z,Sell,20.19,1318
2025-07-24T02:20:07.0965429Z,Sell,20.18,205
2025-07-24T02:20:07.0965429Z,Sell,20.18,610
2025-07-24T02:20:07.1365429Z,Sell,20.17,327
2025-07-24T02:20:07.1465429Z,Sell,20.17,103
2025-07-24T02:20:07.1565429Z,Sell,20.17,153
2025-07-24T02:20:07.1665429Z,Buy,20.18,1051
2025-07-24T02:20:07.1665429Z,Buy,20.18,2539
2025-07-24T02:20:07.1865429Z,Sell,20.17,142
2025-07-24T02:20:07.1965429Z,Buy,20.18,1233
2025-07-24T02:20:07.2065429Z,Sell,20.17,732
2025-07-24T02:20:07.2565429Z,Buy,20.18,1366
2025-07-24T02:20:07.2665429Z,Buy,20.18,306
2025-07-24T02:20:07.2665429Z,Buy,20.18,64
2025-07-24T02:20:07.3065429Z,Buy,20.18,2167
2025-07-24T02:20:07.3165429Z,Buy,20.18,93
2025-07-24T02:20:07.3165429Z,Buy,20.18,4828
2025-07-24T02:20:07.3365429Z,Sell,20.17,2477
2025-07-24T02:20:07.3565429Z,Buy,20.18,249
2025-07-24T02:20:07.3865429Z,Buy,20.18,226
2025-07-24T02:20:07.3865429Z,Buy,20.18,627
2025-07-24T02:20:07.4065429Z,Buy,20.18,1139
2025-07-24T02:20:07.4065429Z,Buy,20.18,64
2025-07-24T02:20:07.4165429Z,Buy,20.18,122
2025-07-24T02:20:07.4165429Z,Buy,20.18,2124
2025-07-24T02:20:07.4265429Z,Sell,20.17,280
2025-07-24T02:20:07.4265429Z,Sell,20.17,1339
2025-07-24T02:20:07.4265429Z,Sell,20.17,3073
2025-07-24T02:20:07.4265429Z,Sell,20.17,5394
2025-07-24T02:20:07.4265429Z,Sell,20.17,403
2025-07-24T02:20:07.4265429Z,Sell,20.17,1354
2025-07-24T02:20:07.4265429Z,Sell,20.17,1228
2025-07-24T02:20:07.4265429Z,Sell,20.17,1361
2025-07-24T02:20:07.4265429Z,Sell,20.17,3630
2025-07-24T02:20:07.4365429Z,Sell,20.17,880
2025-07-24T02:20:07.4365429Z,Sell,20.17,37
2025-07-24T02:20:07.4565429Z,Buy,20.18,1420
2025-07-24T02:20:07.4565429Z,Buy,20.19,412
2025-07-24T02:20:07.4765429Z,Sell,20.17,781
2025-07-24T02:20:07.4865429Z,Sell,20.17,700
2025-07-24T02:20:07.4865429Z,Sell,20.17,137
2025-07-24T02:20:07.4965429Z,Sell,20.17,2236
2025-07-24T02:20:07.4965429Z,Sell,20.17,2500
2025-07-24T02:20:07.4965429Z,Sell,20.16,243
2025-07-24T02:20:07.4965429Z,Sell,20.16,454
2025-07-24T02:20:07.5365429Z,Buy,20.19,2168
2025-07-24T02:20:07.5465429Z,Buy,20.19,715
2025-07-24T02:20:07.5965429Z,Sell,20.17,602
2025-07-24T02:20:07.5965429Z,Sell,20.17,846
2025-07-24T02:20:07.6365429Z,Sell,20.17,591
2025-07-24T02:20:07.6365429Z,Sell,20.17,399
2025-07-24T02:20:07.6565429Z,Sell,20.16,4591
2025-07-24T02:20:07.7165429Z,Sell,20.16,532
2025-07-24T02:20:07.7165429Z,Sell,20.16,1930
2025-07-24T02:20:07.7165429Z,Sell,20.16,1467
2025-07-24T02:20:07.7465429Z,Buy,20.17,625
2025-07-24T02:20:07.7465429Z,Buy,20.17,6
2025-07-24T02:20:07.7565429Z,Buy,20.17,267
2025-07-24T02:20:07.7665429Z,Sell,20.16,8
2025-07-24T02:20:07.7665429Z,Sell,20.16,612
2025-07-24T02:20:07.7865429Z,Sell,20.16,416
2025-07-24T02:20:07.8265429Z,Sell,20.16,679
2025-07-24T02:20:07.8765429Z,Buy,20.17,412
2025-07-24T02:20:07.8765429Z,Buy,20.17,812
2025-07-24T02:20:07.8765429Z,Buy,20.17,764
2025-07-24T02:20:07.9065429Z,Buy,20.17,75
2025-07-24T02:20:07.9065429Z,Buy,20.17,1510
2025-07-24T02:20:07.9965429Z,Buy,20.17,3211
2025-07-24T02:20:07.9965429Z,Buy,20.17,342
2025-07-24T02:20:07.9965429Z,Buy,20.17,447
2025-07-24T02:20:08.0165429Z,Buy,20.17,564
2025-07-24T02:20:08.0165429Z,Buy,20.17,2653
2025-07-24T02:20:08.0265429Z,Sell,20.16,2049
2025-07-24T02:20:08.0365429Z,Buy,20.17,539
2025-07-24T02:20:08.0665429Z,Buy,20.17,5769
2025-07-24T02:20:08.0665429Z,Buy,20.17,310
2025-07-24T02:20:08.0865429Z,Buy,20.17,287
2025-07-24T02:20:08.0865429Z,Buy,20.18,553
2025-07-24T02:20:08.1265429Z,Buy,20.18,92
2025-07-24T02:20:08.1265429Z,Buy,20.18,208
2025-07-24T02:20:08.1465429Z,Sell,20.17,795
2025-07-24T02:20:08.1465429Z,Sell,20.17,882
2025-07-24T02:20:08.1765429Z,Buy,20.17,665
2025-07-24T02:20:08.1765429Z,Buy,20.18,654
2025-07-24T02:20:08.2165429Z,Sell,20.17,85
2025-07-24T02:20:08.2165429Z,Sell,20.17,840
2025-07-24T02:20:08.2165429Z,Sell,20.17,2500
2025-07-24T02:20:08.2165429Z,Sell,20.16,3151
2025-07-24T02:20:08.2265429Z,Sell,20.16,4348
2025-07-24T02:20:08.2365429Z,Sell,20.16,252
2025-07-24T02:20:08.2365429Z,Sell,20.16,304
2025-07-24T02:20:08.2465429Z,Buy,20.18,1073
2025-07-24T02:20:08.2565429Z,Buy,20.18,190
2025-07-24T02:20:08.2565429Z,Buy,20.18,201
2025-07-24T02:20:08.2565429Z,Buy,20.18,209
2025-07-24T02:20:08.2765429Z,Sell,20.16,404
2025-07-24T02:20:08.2865429Z,Sell,20.16,357
2025-07-24T02:20:08.2965429Z,Sell,20.16,2764
2025-07-24T02:20:08.2965429Z,Sell,20.16,201
2025-07-24T02:20:08.3065429Z,Buy,20.18,345
2025-07-24T02:20:08.3265429Z,Buy,20.18,483
2025-07-24T02:20:08.3365429Z,Buy,20.18,1854
2025-07-24T02:20:08.3465429Z,Sell,20.16,485
2025-07-24T02:20:08.3865429Z,Sell,20.16,905
2025-07-24T02:20:08.3965429Z,Sell,20.16,24
2025-07-24T02:20:08.3965429Z,Sell,20.16,190
2025-07-24T02:20:08.4065429Z,Sell,20.16,2696
2025-07-24T02:20:08.4265429Z,Buy,20.18,553
2025-07-24T02:20:08.4465429Z,Sell,20.16,2015
2025-07-24T02:20:08.4465429Z,Sell,20.16,485
2025-07-24T02:20:08.4465429Z,Sell,20.16,1862
2025-07-24T02:20:08.4665429Z,Sell,20.16,630
2025-07-24T02:20:08.4665429Z,Sell,20.16,799
2025-07-24T02:20:08.4665429Z,Sell,20.16,1585
2025-07-24T02:20:08.4665429Z,Sell,20.16,574
2025-07-24T02:20:08.4765429Z,Sell,20.16,925
2025-07-24T02:20:08.4965429Z,Sell,20.16,310
2025-07-24T02:20:08.4965429Z,Sell,20.16,486
2025-07-24T02:20:08.5365429Z,Buy,20.18,687
2025-07-24T02:20:08.5465429Z,Buy,20.18,345
2025-07-24T02:20:08.5465429Z,Buy,20.18,73
2025-07-24T02:20:08.5465429Z,Buy,20.18,305
2025-07-24T02:20:08.5565429Z,Sell,20.16,1575
2025-07-24T02:20:08.5565429Z,Sell,20.16,925
2025-07-24T02:20:08.5565429Z,Sell,20.16,742
2025-07-24T02:20:08.5565429Z,Sell,20.16,3130
2025-07-24T02:20:08.5565429Z,Sell,20.16,1778
2025-07-24T02:20:08.6265429Z,Buy,20.17,1490
2025-07-24T02:20:08.6365429Z,Sell,20.16,570
2025-07-24T02:20:08.6565429Z,Buy,20.17,1795
2025-07-24T02:20:08.6665429Z,Buy,20.17,656
2025-07-24T02:20:08.6765429Z,Buy,20.17,1104
2025-07-24T02:20:08.6865429Z,Buy,20.17,535
2025-07-24T02:20:08.7065429Z,Buy,20.17,1617
2025-07-24T02:20:08.7165429Z,Buy,20.17,5064
2025-07-24T02:20:08.7265429Z,Buy,20.17,297
2025-07-24T02:20:08.7365429Z,Buy,20.17,580
2025-07-24T02:20:08.7365429Z,Buy,20.17,349
2025-07-24T02:20:08.7565429Z,Sell,20.16,1763
2025-07-24T02:20:08.7565429Z,Sell,20.16,46
2025-07-24T02:20:08.7865429Z,Buy,20.17,1927
2025-07-24T02:20:08.8065429Z,Buy,20.17,3811
2025-07-24T02:20:08.8065429Z,Buy,20.17,661
2025-07-24T02:20:08.8765429Z,Buy,20.17,230
2025-07-24T02:20:08.9065429Z,Sell,20.16,535
2025-07-24T02:20:08.9165429Z,Buy,20.17,664
2025-07-24T02:20:08.9165429Z,Buy,20.17,883
2025-07-24T02:20:08.9165429Z,Buy,20.17,2605
2025-07-24T02:20:08.9165429Z,Buy,20.17,556
2025-07-24T02:20:08.9165429Z,Buy,20.17,316
2025-07-24T02:20:08.9165429Z,Buy,20.17,1
2025-07-24T02:20:08.9265429Z,Buy,20.17,1
2025-07-24T02:20:08.9365429Z,Buy,20.17,1
2025-07-24T02:20:08.9465429Z,Buy,20.17,1
2025-07-24T02:20:08.9565429Z,Buy,20.17,1403
2025-07-24T02:20:08.9565429Z,Buy,20.17,1
2025-07-24T02:20:08.9665429Z,Buy,20.17,1
2025-07-24T02:20:08.9765429Z,Buy,20.17,524
2025-07-24T02:20:08.9765429Z,Buy,20.17,1
2025-07-24T02:20:08.9865429Z,Buy,20.17,1
2025-07-24T02:20:08.9965429Z,Buy,20.17,1
2025-07-24T02:20:09.0065429Z,Buy,20.17,378
2025-07-24T02:20:09.0065429Z,Buy,20.17,1
2025-07-24T02:20:09.0165429Z,Buy,20.17,1290
2025-07-24T02:20:09.0165429Z,Buy,20.17,269
2025-07-24T02:20:09.0165429Z,Buy,20.17,1379
2025-07-24T02:20:09.0165429Z,Buy,20.17,1
2025-07-24T02:20:09.0265429Z,Buy,20.17,1
2025-07-24T02:20:09.0365429Z,Buy,20.17,1
2025-07-24T02:20:09.0465429Z,Buy,20.17,1
2025-07-24T02:20:09.0565429Z,Buy,20.17,285
2025-07-24T02:20:09.0565429Z,Buy,20.17,677
2025-07-24T02:20:09.0565429Z,Buy,20.18,891
2025-07-24T02:20:09.0565429Z,Buy,20.18,1
2025-07-24T02:20:09.0665429Z,Buy,20.18,1
2025-07-24T02:20:09.0765429Z,Buy,20.18,1
2025-07-24T02:20:09.0865429Z,Buy,20.18,1
2025-07-24T02:20:09.0965429Z,Buy,20.18,1
2025-07-24T02:20:09.1065429Z,Buy,20.18,1
2025-07-24T02:20:09.1165429Z,Sell,20.16,1189
2025-07-24T02:20:09.1165429Z,Buy,20.18,1
2025-07-24T02:20:09.1265429Z,Buy,20.18,1
2025-07-24T02:20:09.1365429Z,Buy,20.18,1
2025-07-24T02:20:09.1465429Z,Sell,20.16,1082
2025-07-24T02:20:09.1465429Z,Buy,20.18,1
2025-07-24T02:20:09.1565429Z,Buy,20.18,1
2025-07-24T02:20:09.1665429Z,Buy,20.18,1
2025-07-24T02:20:09.1765429Z,Buy,20.18,2357
2025-07-24T02:20:09.1765429Z,Buy,20.18,1
2025-07-24T02:20:09.1865429Z,Buy,20.17,1
2025-07-24T02:20:09.1965429Z,Buy,20.17,40
2025-07-24T02:20:09.1965429Z,Buy,20.17,1
2025-07-24T02:20:09.2065429Z,Buy,20.17,1
2025-07-24T02:20:09.2165429Z,Buy,20.17,307
2025-07-24T02:20:09.2165429Z,Buy,20.18,726
2025-07-24T02:20:09.2165429Z,Buy,20.18,1
2025-07-24T02:20:09.2265429Z,Buy,20.18,624
2025-07-24T02:20:09.2265429Z,Buy,20.18,1
2025-07-24T02:20:09.2365429Z,Buy,20.18,179
2025-07-24T02:20:09.2365429Z,Buy,20.18,1
2025-07-24T02:20:09.2465429Z,Buy,20.18,1
2025-07-24T02:20:09.2565429Z,Buy,20.18,2500
2025-07-24T02:20:09.2565429Z,Buy,20.18,6
2025-07-24T02:20:09.2565429Z,Buy,20.18,470
2025-07-24T02:20:09.2565429Z,Buy,20.18,182
2025-07-24T02:20:09.2565429Z,Buy,20.18,361
2025-07-24T02:20:09.2565429Z,Buy,20.19,2152
2025-07-24T02:20:09.2565429Z,Buy,20.19,3091
2025-07-24T02:20:09.2565429Z,Buy,20.19,1
2025-07-24T02:20:09.2665429Z,Buy,20.19,2277
2025-07-24T02:20:09.2665429Z,Buy,20.19,1
2025-07-24T02:20:09.2765429Z,Sell,20.17,1394
2025-07-24T02:20:09.2765429Z,Buy,20.19,1
2025-07-24T02:20:09.2865429Z,Buy,20.19,1
2025-07-24T02:20:09.2965429Z,Sell,20.17,84
2025-07-24T02:20:09.2965429Z,Buy,20.19,1
2025-07-24T02:20:09.3065429Z,Buy,20.19,2500
2025-07-24T02:20:09.3065429Z,Buy,20.19,213
2025-07-24T02:20:09.3065429Z,Buy,20.19,1
2025-07-24T02:20:09.3165429Z,Sell,20.17,148
2025-07-24T02:20:09.3165429Z,Buy,20.19,1
2025-07-24T02:20:09.3265429Z,Buy,20.19,1
2025-07-24T02:20:09.3365429Z,Buy,20.19,1203
2025-07-24T02:20:09.3365429Z,Buy,20.19,1
2025-07-24T02:20:09.3465429Z,Buy,20.19,413
2025-07-24T02:20:09.3465429Z,Buy,20.19,1
2025-07-24T02:20:09.3565429Z,Buy,20.19,1
2025-07-24T02:20:09.3665429Z,Sell,20.18,58
2025-07-24T02:20:09.3665429Z,Buy,20.19,1
2025-07-24T02:20:09.3765429Z,Buy,20.19,1
2025-07-24T02:20:09.3865429Z,Buy,20.19,4267
2025-07-24T02:20:09.3865429Z,Buy,20.19,1
2025-07-24T02:20:09.3965429Z,Sell,20.18,529
2025-07-24T02:20:09.3965429Z,Sell,20.18,258
2025-07-24T02:20:09.3965429Z,Buy,20.19,1
2025-07-24T02:20:09.4065429Z,Buy,20.19,949
2025-07-24T02:20:09.4065429Z,Buy,20.19,1
2025-07-24T02:20:09.4165429Z,Buy,20.19,1
2025-07-24T02:20:09.4265429Z,Buy,20.19,1
2025-07-24T02:20:09.4365429Z,Sell,20.18,3626
2025-07-24T02:20:09.4365429Z,Buy,20.19,1
2025-07-24T02:20:09.4465429Z,Buy,20.19,1
2025-07-24T02:20:09.4565429Z,Sell,20.18,397
2025-07-24T02:20:09.4565429Z,Sell,20.18,182
2025-07-24T02:20:09.4565429Z,Buy,20.19,1
2025-07-24T02:20:09.4665429Z,Buy,20.19,1
2025-07-24T02:20:09.4765429Z,Sell,20.18,913
2025-07-24T02:20:09.4765429Z,Buy,20.19,1
2025-07-24T02:20:09.4865429Z,Buy,20.19,871
2025-07-24T02:20:09.4865429Z,Buy,20.19,1
2025-07-24T02:20:09.4965429Z,Buy,20.19,1
2025-07-24T02:20:09.5065429Z,Buy,20.19,1
2025-07-24T02:20:09.5165429Z,Buy,20.19,1
2025-07-24T02:20:09.5265429Z,Buy,20.19,3109
2025-07-24T02:20:09.5265429Z,Buy,20.19,1
2025-07-24T02:20:09.5365429Z,Buy,20.19,486
2025-07-24T02:20:09.5365429Z,Buy,20.19,806
2025-07-24T02:20:09.5365429Z,Buy,20.19,1
2025-07-24T02:20:09.5465429Z,Buy,20.19,527
2025-07-24T02:20:09.5465429Z,Buy,20.19,1
2025-07-24T02:20:09.5565429Z,Buy,20.19,276
2025-07-24T02:20:09.5565429Z,Buy,20.19,1
2025-07-24T02:20:09.5665429Z,Buy,20.19,1
2025-07-24T02:20:09.5765429Z,Sell,20.18,3007
2025-07-24T02:20:09.5765429Z,Sell,20.18,1059
2025-07-24T02:20:09.5765429Z,Buy,20.19,1
2025-07-24T02:20:09.5865429Z,Buy,20.19,1
2025-07-24T02:20:09.5965429Z,Buy,20.19,1
2025-07-24T02:20:09.6065429Z,Buy,20.19,13833
2025-07-24T02:20:09.6065429Z,Buy,20.19,1
2025-07-24T02:20:09.6165429Z,Buy,20.19,1
2025-07-24T02:20:09.6265429Z,Buy,20.19,345
2025-07-24T02:20:09.6265429Z,Buy,20.19,529
2025-07-24T02:20:09.6265429Z,Buy,20.19,5694
2025-07-24T02:20:09.6265429Z,Buy,20.19,1
2025-07-24T02:20:09.6365429Z,Buy,20.19,1
2025-07-24T02:20:09.6465429Z,Buy,20.19,1
2025-07-24T02:20:09.6565429Z,Buy,20.19,1
2025-07-24T02:20:09.6665429Z,Buy,20.19,1
2025-07-24T02:20:09.6765429Z,Buy,20.19,1
2025-07-24T02:20:09.6865429Z,Sell,20.18,497
2025-07-24T02:20:09.6865429Z,Buy,20.19,1
2025-07-24T02:20:09.6965429Z,Sell,20.18,861
2025-07-24T02:20:09.6965429Z,Sell,20.18,900
2025-07-24T02:20:09.6965429Z,Sell,20.18,472
2025-07-24T02:20:09.6965429Z,Sell,20.18,60
2025-07-24T02:20:09.6965429Z,Sell,20.18,7285
2025-07-24T02:20:09.6965429Z,Sell,20.18,2500
2025-07-24T02:20:09.6965429Z,Sell,20.17,1699
2025-07-24T02:20:09.6965429Z,Sell,20.17,913
2025-07-24T02:20:09.6965429Z,Sell,20.17,2167
2025-07-24T02:20:09.6965429Z,Buy,20.19,1
2025-07-24T02:20:09.7065429Z,Buy,20.19,1
2025-07-24T02:20:09.7165429Z,Buy,20.19,1
2025-07-24T02:20:09.7265429Z,Sell,20.18,1087
2025-07-24T02:20:09.7265429Z,Sell,20.18,1605
2025-07-24T02:20:09.7265429Z,Buy,20.19,1
2025-07-24T02:20:09.7365429Z,Buy,20.19,1
2025-07-24T02:20:09.7465429Z,Buy,20.19,1
2025-07-24T02:20:09.7565429Z,Buy,20.19,1
2025-07-24T02:20:09.7665429Z,Buy,20.19,295
2025-07-24T02:20:09.7665429Z,Buy,20.19,4232
2025-07-24T02:20:09.7665429Z,Buy,20.19,1
2025-07-24T02:20:09.7765429Z,Sell,20.18,421
2025-07-24T02:20:09.7765429Z,Buy,20.19,1
2025-07-24T02:20:09.7865429Z,Sell,20.18,885
2025-07-24T02:20:09.7865429Z,Sell,20.18,1011
2025-07-24T02:20:09.7865429Z,Buy,20.19,1
2025-07-24T02:20:09.7965429Z,Buy,20.19,1
2025-07-24T02:20:09.8065429Z,Sell,20.18,955
2025-07-24T02:20:09.8065429Z,Sell,20.18,279
2025-07-24T02:20:09.8065429Z,Buy,20.19,1
2025-07-24T02:20:09.8165429Z,Buy,20.19,377
2025-07-24T02:20:09.8165429Z,Buy,20.19,103
2025-07-24T02:20:09.8165429Z,Buy,20.19,1671
2025-07-24T02:20:09.8165429Z,Buy,20.19,4710
2025-07-24T02:20:09.8165429Z,Buy,20.19,1
2025-07-24T02:20:09.8265429Z,Buy,20.19,902
2025-07-24T02:20:09.8265429Z,Buy,20.19,1
2025-07-24T02:20:09.8365429Z,Buy,20.19,1
2025-07-24T02:20:09.8465429Z,Buy,20.19,521
2025-07-24T02:20:09.8465429Z,Buy,20.19,1
2025-07-24T02:20:09.8565429Z,Buy,20.19,1221
2025-07-24T02:20:09.8565429Z,Buy,20.19,1248
2025-07-24T02:20:09.8565429Z,Buy,20.19,1
2025-07-24T02:20:09.8665429Z,Buy,20.19,1
2025-07-24T02:20:09.8765429Z,Buy,20.19,1
2025-07-24T02:20:09.8865429Z,Sell,20.18,4079
2025-07-24T02:20:09.8865429Z,Sell,20.18,236
2025-07-24T02:20:09.8865429Z,Sell,20.18,302
2025-07-24T02:20:09.8865429Z,Sell,20.18,2121
2025-07-24T02:20:09.8865429Z,Buy,20.19,1
2025-07-24T02:20:09.8965429Z,Buy,20.19,1
2025-07-24T02:20:09.9065429Z,Buy,20.19,1
2025-07-24T02:20:09.9165429Z,Buy,20.19,1
2025-07-24T02:20:09.9265429Z,Buy,20.19,1830
2025-07-24T02:20:09.9265429Z,Buy,20.19,1
2025-07-24T02:20:09.9365429Z,Buy,20.19,1
2025-07-24T02:20:09.9465429Z,Buy,20.19,1
2025-07-24T02:20:09.9565429Z,Buy,20.19,380
2025-07-24T02:20:09.9565429Z,Buy,20.20,1116
2025-07-24T02:20:09.9565429Z,Buy,20.20,1
2025-07-24T02:20:09.9665429Z,Buy,20.20,1
2025-07-24T02:20:09.9765429Z,Sell,20.18,305
2025-07-24T02:20:09.9765429Z,Buy,20.20,1
2025-07-24T02:20:09.9865429Z,Buy,20.20,1
2025-07-24T02:20:09.9965429Z,Buy,20.20,2500
2025-07-24T02:20:09.9965429Z,Buy,20.20,1491
2025-07-24T02:20:09.9965429Z,Buy,20.20,3560
2025-07-24T02:20:09.9965429Z,Buy,20.20,1
2025-07-24T02:20:10.0065429Z,Sell,20.18,2542
2025-07-24T02:20:10.0065429Z,Buy,20.20,1
2025-07-24T02:20:10.0165429Z,Buy,20.20,1
2025-07-24T02:20:10.0265429Z,Sell,20.19,423
2025-07-24T02:20:10.0265429Z,Buy,20.20,1
2025-07-24T02:20:10.0365429Z,Sell,20.19,273
2025-07-24T02:20:10.0365429Z,Sell,20.19,2500
2025-07-24T02:20:10.0365429Z,Sell,20.18,56
2025-07-24T02:20:10.0365429Z,Sell,20.18,236
2025-07-24T02:20:10.0365429Z,Buy,20.20,1
2025-07-24T02:20:10.0465429Z,Sell,20.18,4037
2025-07-24T02:20:10.0465429Z,Buy,20.20,1
2025-07-24T02:20:10.0565429Z,Buy,20.20,1
2025-07-24T02:20:10.0665429Z,Sell,20.19,60
2025-07-24T02:20:10.0665429Z,Buy,20.20,1
2025-07-24T02:20:10.0765429Z,Buy,20.20,2079
2025-07-24T02:20:10.0765429Z,Buy,20.20,1
2025-07-24T02:20:10.0865429Z,Buy,20.20,188
2025-07-24T02:20:10.0865429Z,Buy,20.20,1
2025-07-24T02:20:10.0965429Z,Buy,20.20,305
2025-07-24T02:20:10.0965429Z,Buy,20.20,1
2025-07-24T02:20:10.1065429Z,Buy,20.20,748
2025-07-24T02:20:10.1065429Z,Buy,20.20,1
2025-07-24T02:20:10.1165429Z,Buy,20.20,1
2025-07-24T02:20:10.1265429Z,Buy,20.20,1
2025-07-24T02:20:10.1365429Z,Buy,20.20,172
2025-07-24T02:20:10.1365429Z,Buy,20.20,782
2025-07-24T02:20:10.1365429Z,Buy,20.20,1
2025-07-24T02:20:10.1465429Z,Buy,20.20,1
2025-07-24T02:20:10.1565429Z,Buy,20.20,1
2025-07-24T02:20:10.1665429Z,Buy,20.20,1
2025-07-24T02:20:10.1765429Z,Buy,20.20,1
2025-07-24T02:20:10.1865429Z,Buy,20.20,347
2025-07-24T02:20:10.1865429Z,Buy,20.20,2907
2025-07-24T02:20:10.1865429Z,Buy,20.20,893
2025-07-24T02:20:10.1865429Z,Buy,20.20,641
2025-07-24T02:20:10.1865429Z,Buy,20.20,1
2025-07-24T02:20:10.1965429Z,Buy,20.20,1
2025-07-24T02:20:10.2065429Z,Buy,20.20,1134
2025-07-24T02:20:10.2065429Z,Buy,20.20,1
2025-07-24T02:20:10.2165429Z,Buy,20.20,1
2025-07-24T02:20:10.2265429Z,Buy,20.20,1
2025-07-24T02:20:10.2365429Z,Sell,20.19,2332
2025-07-24T02:20:10.2365429Z,Buy,20.20,1
2025-07-24T02:20:10.2465429Z,Sell,20.19,2505
2025-07-24T02:20:10.2465429Z,Buy,20.20,1
2025-07-24T02:20:10.2565429Z,Sell,20.19,8694
2025-07-24T02:20:10.2565429Z,Buy,20.20,1
2025-07-24T02:20:10.2665429Z,Buy,20.20,1
2025-07-24T02:20:10.2765429Z,Sell,20.19,928
2025-07-24T02:20:10.2765429Z,Sell,20.19,1065
2025-07-24T02:20:10.2765429Z,Sell,20.19,1642
2025-07-24T02:20:10.2765429Z,Buy,20.20,1
2025-07-24T02:20:10.2865429Z,Buy,20.20,1
2025-07-24T02:20:10.2965429Z,Buy,20.20,1
2025-07-24T02:20:10.3065429Z,Buy,20.20,116
2025-07-24T02:20:10.3065429Z,Buy,20.20,433
2025-07-24T02:20:10.3065429Z,Buy,20.20,1
2025-07-24T02:20:10.3165429Z,Sell,20.19,216
2025-07-24T02:20:10.3165429Z,Buy,20.20,1
2025-07-24T02:20:10.3265429Z,Buy,20.20,226
2025-07-24T02:20:10.3265429Z,Buy,20.20,197
2025-07-24T02:20:10.3265429Z,Buy,20.20,1
2025-07-24T02:20:10.3365429Z,Sell,20.19,2408
2025-07-24T02:20:10.3365429Z,Buy,20.20,1
2025-07-24T02:20:10.3465429Z,Buy,20.20,1
2025-07-24T02:20:10.3565429Z,Buy,20.20,1
2025-07-24T02:20:10.3665429Z,Buy,20.20,182
2025-07-24T02:20:10.3665429Z,Buy,20.20,1
2025-07-24T02:20:10.3765429Z,Buy,20.20,1
2025-07-24T02:20:10.3865429Z,Buy,20.20,1
2025-07-24T02:20:10.3965429Z,Sell,20.19,2390
2025-07-24T02:20:10.3965429Z,Sell,20.19,2500
2025-07-24T02:20:10.3965429Z,Sell,20.18,261
2025-07-24T02:20:10.3965429Z,Sell,20.18,641
2025-07-24T02:20:10.3965429Z,Buy,20.20,1
2025-07-24T02:20:10.4065429Z,Buy,20.20,1
2025-07-24T02:20:10.4165429Z,Buy,20.20,76
2025-07-24T02:20:10.4165429Z,Buy,20.20,147
2025-07-24T02:20:10.4165429Z,Buy,20.20,14
2025-07-24T02:20:10.4165429Z,Buy,20.20,1
2025-07-24T02:20:10.4265429Z,Buy,20.20,1
2025-07-24T02:20:10.4365429Z,Sell,20.19,1717
2025-07-24T02:20:10.4365429Z,Buy,20.20,1
2025-07-24T02:20:10.4465429Z,Buy,20.20,1
2025-07-24T02:20:10.4565429Z,Buy,20.20,1
2025-07-24T02:20:10.4665429Z,Buy,20.20,1
2025-07-24T02:20:10.4765429Z,Sell,20.19,506
2025-07-24T02:20:10.4765429Z,Sell,20.19,132
2025-07-24T02:20:10.4765429Z,Buy,20.20,1
2025-07-24T02:20:10.4865429Z,Sell,20.19,1325
2025-07-24T02:20:10.4865429Z,Buy,20.20,1
2025-07-24T02:20:10.4965429Z,Buy,20.20,849
2025-07-24T02:20:10.4965429Z,Buy,20.20,1
2025-07-24T02:20:10.5065429Z,Sell,20.19,677
2025-07-24T02:20:10.5065429Z,Buy,20.20,1
2025-07-24T02:20:10.5165429Z,Buy,20.20,2048
2025-07-24T02:20:10.5165429Z,Buy,20.20,492
2025-07-24T02:20:10.5165429Z,Buy,20.20,1079
2025-07-24T02:20:10.5165429Z,Buy,20.20,1
2025-07-24T02:20:10.5265429Z,Sell,20.19,1211
2025-07-24T02:20:10.5265429Z,Buy,20.20,1
2025-07-24T02:20:10.5365429Z,Sell,20.19,184
2025-07-24T02:20:10.5365429Z,Sell,20.19,177
2025-07-24T02:20:10.5365429Z,Buy,20.20,1
2025-07-24T02:20:10.5465429Z,Buy,20.20,6471
2025-07-24T02:20:10.5465429Z,Buy,20.20,1
2025-07-24T02:20:10.5565429Z,Buy,20.20,1
2025-07-24T02:20:10.5665429Z,Buy,20.20,2030
2025-07-24T02:20:10.5665429Z,Buy,20.20,1
2025-07-24T02:20:10.5765429Z,Buy,20.20,1
2025-07-24T02:20:10.5865429Z,Sell,20.18,907
2025-07-24T02:20:10.5865429Z,Buy,20.20,1
2025-07-24T02:20:10.5965429Z,Sell,20.18,2500
2025-07-24T02:20:10.5965429Z,Sell,20.18,382
2025-07-24T02:20:10.5965429Z,Buy,20.20,1
2025-07-24T02:20:10.6065429Z,Buy,20.20,1
2025-07-24T02:20:10.6165429Z,Buy,20.20,1
2025-07-24T02:20:10.6265429Z,Buy,20.20,1
2025-07-24T02:20:10.6365429Z,Buy,20.20,1
2025-07-24T02:20:10.6465429Z,Sell,20.18,62
2025-07-24T02:20:10.6465429Z,Buy,20.20,1
2025-07-24T02:20:10.6565429Z,Buy,20.20,1
2025-07-24T02:20:10.6665429Z,Buy,20.20,1
2025-07-24T02:20:10.6765429Z,Buy,20.20,1
2025-07-24T02:20:10.6865429Z,Sell,20.18,369
2025-07-24T02:20:10.6865429Z,Buy,20.20,1
2025-07-24T02:20:10.6965429Z,Buy,20.20,2342
2025-07-24T02:20:10.6965429Z,Buy,20.20,1
2025-07-24T02:20:10.7065429Z,Buy,20.20,218
2025-07-24T02:20:10.7065429Z,Buy,20.20,1
2025-07-24T02:20:10.7165429Z,Buy,20.20,1077
2025-07-24T02:20:10.7165429Z,Buy,20.20,1
2025-07-24T02:20:10.7265429Z,Sell,20.18,1433
2025-07-24T02:20:10.7265429Z,Buy,20.20,1
2025-07-24T02:20:10.7365429Z,Buy,20.20,1
2025-07-24T02:20:10.7465429Z,Buy,20.20,1
2025-07-24T02:20:10.7565429Z,Buy,20.20,1
2025-07-24T02:20:10.7665429Z,Buy,20.20,1
2025-07-24T02:20:10.7765429Z,Buy,20.20,242
2025-07-24T02:20:10.7765429Z,Buy,20.20,669
2025-07-24T02:20:10.7765429Z,Buy,20.20,75
2025-07-24T02:20:10.7765429Z,Buy,20.20,1634
2025-07-24T02:20:10.7765429Z,Buy,20.20,5443
2025-07-24T02:20:10.7765429Z,Buy,20.20,4056
2025-07-24T02:20:10.7765429Z,Buy,20.20,1
2025-07-24T02:20:10.7865429Z,Buy,20.20,1
2025-07-24T02:20:10.7965429Z,Buy,20.20,328
2025-07-24T02:20:10.7965429Z,Buy,20.20,580
2025-07-24T02:20:10.7965429Z,Buy,20.20,1
2025-07-24T02:20:10.8065429Z,Buy,20.20,1
2025-07-24T02:20:10.8165429Z,Buy,20.20,1
2025-07-24T02:20:10.8265429Z,Buy,20.20,1
2025-07-24T02:20:10.8365429Z,Sell,20.19,948
2025-07-24T02:20:10.8365429Z,Sell,20.19,984
2025-07-24T02:20:10.8365429Z,Buy,20.20,1
2025-07-24T02:20:10.8465429Z,Buy,20.20,1
2025-07-24T02:20:10.8565429Z,Buy,20.20,1
2025-07-24T02:20:10.8665429Z,Sell,20.19,344
2025-07-24T02:20:10.8665429Z,Sell,20.19,502
2025-07-24T02:20:10.8665429Z,Buy,20.20,1
2025-07-24T02:20:10.8765429Z,Buy,20.20,238
2025-07-24T02:20:10.8765429Z,Buy,20.20,1237
2025-07-24T02:20:10.8765429Z,Buy,20.20,1
2025-07-24T02:20:10.8865429Z,Buy,20.20,1
2025-07-24T02:20:10.8965429Z,Buy,20.20,1
2025-07-24T02:20:10.9065429Z,Buy,20.20,1
2025-07-24T02:20:10.9165429Z,Buy,20.20,381
2025-07-24T02:20:10.9165429Z,Buy,20.20,1
2025-07-24T02:20:10.9265429Z,Buy,20.20,518
2025-07-24T02:20:10.9265429Z,Buy,20.20,411
2025-07-24T02:20:10.9265429Z,Buy,20.20,422
2025-07-24T02:20:10.9265429Z,Buy,20.20,1
2025-07-24T02:20:10.9365429Z,Buy,20.20,1701
2025-07-24T02:20:10.9365429Z,Buy,20.20,1
2025-07-24T02:20:10.9465429Z,Buy,20.20,761
2025-07-24T02:20:10.9465429Z,Buy,20.20,1250
2025-07-24T02:20:10.9465429Z,Buy,20.21,2500
2025-07-24T02:20:10.9465429Z,Buy,20.21,358
2025-07-24T02:20:10.9465429Z,Buy,20.21,169
2025-07-24T02:20:10.9465429Z,Buy,20.21,1
2025-07-24T02:20:10.9565429Z,Sell,20.19,545
2025-07-24T02:20:10.9565429Z,Buy,20.21,1
2025-07-24T02:20:10.9665429Z,Buy,20.21,1097
2025-07-24T02:20:10.9665429Z,Buy,20.21,565
2025-07-24T02:20:10.9665429Z,Buy,20.21,752
2025-07-24T02:20:10.9665429Z,Buy,20.21,1336
2025-07-24T02:20:10.9665429Z,Buy,20.21,1228
2025-07-24T02:20:10.9665429Z,Buy,20.21,1
2025-07-24T02:20:10.9765429Z,Buy,20.21,748
2025-07-24T02:20:10.9765429Z,Buy,20.21,343
2025-07-24T02:20:10.9765429Z,Buy,20.21,848
2025-07-24T02:20:10.9765429Z,Buy,20.21,1
2025-07-24T02:20:10.9865429Z,Buy,20.21,323
2025-07-24T02:20:10.9865429Z,Buy,20.21,1
2025-07-24T02:20:10.9965429Z,Buy,20.21,1120
2025-07-24T02:20:10.9965429Z,Buy,20.21,1
2025-07-24T02:20:11.0065429Z,Buy,20.21,1
2025-07-24T02:20:11.0165429Z,Sell,20.19,884
2025-07-24T02:20:11.0165429Z,Sell,20.19,270
2025-07-24T02:20:11.0165429Z,Buy,20.21,1
2025-07-24T02:20:11.0265429Z,Buy,20.21,1
2025-07-24T02:20:11.0365429Z,Sell,20.19,93
2025-07-24T02:20:11.0365429Z,Sell,20.19,2188
2025-07-24T02:20:11.0365429Z,Buy,20.21,1
2025-07-24T02:20:11.0465429Z,Sell,20.19,270
2025-07-24T02:20:11.0465429Z,Sell,20.19,42
2025-07-24T02:20:11.0465429Z,Sell,20.19,40
2025-07-24T02:20:11.0465429Z,Buy,20.21,1
2025-07-24T02:20:11.0565429Z,Sell,20.19,391
2025-07-24T02:20:11.0565429Z,Buy,20.21,1
2025-07-24T02:20:11.0665429Z,Sell,20.19,352
2025-07-24T02:20:11.0665429Z,Sell,20.19,149
2025-07-24T02:20:11.0665429Z,Buy,20.21,1
2025-07-24T02:20:11.0765429Z,Buy,20.21,1
2025-07-24T02:20:11.0865429Z,Buy,20.21,846
2025-07-24T02:20:11.0865429Z,Buy,20.21,1
2025-07-24T02:20:11.0865429Z,Buy,20.21,61
2025-07-24T02:20:11.0865429Z,Buy,20.21,1
2025-07-24T02:20:11.0965429Z,Buy,20.21,937
2025-07-24T02:20:11.0965429Z,Buy,20.21,207
2025-07-24T02:20:11.0965429Z,Buy,20.21,1
2025-07-24T02:20:11.0965429Z,Buy,20.21,323
2025-07-24T02:20:11.0965429Z,Buy,20.21,1
2025-07-24T02:20:11.0965429Z,Buy,20.21,868
2025-07-24T02:20:11.0965429Z,Buy,20.21,1
2025-07-24T02:20:11.1065429Z,Sell,20.19,121
2025-07-24T02:20:11.1065429Z,Buy,20.21,1
2025-07-24T02:20:11.1165429Z,Sell,20.19,1608
2025-07-24T02:20:11.1165429Z,Sell,20.19,125
2025-07-24T02:20:11.1165429Z,Buy,20.21,1
2025-07-24T02:20:11.1265429Z,Buy,20.21,218
2025-07-24T02:20:11.1265429Z,Buy,20.21,1
2025-07-24T02:20:11.1365429Z,Buy,20.21,1
2025-07-24T02:20:11.1365429Z,Buy,20.21,815
2025-07-24T02:20:11.1365429Z,Buy,20.21,1
2025-07-24T02:20:11.1465429Z,Buy,20.21,1
2025-07-24T02:20:11.1565429Z,Buy,20.21,189
2025-07-24T02:20:11.1565429Z,Buy,20.21,219
2025-07-24T02:20:11.1565429Z,Buy,20.21,92
2025-07-24T02:20:11.1565429Z,Buy,20.21,817
2025-07-24T02:20:11.1565429Z,Buy,20.21,231
2025-07-24T02:20:11.1565429Z,Buy,20.21,1
2025-07-24T02:20:11.1665429Z,Buy,20.20,1
2025-07-24T02:20:11.1765429Z,Sell,20.19,1085
2025-07-24T02:20:11.1765429Z,Buy,20.20,1
2025-07-24T02:20:11.1865429Z,Buy,20.20,1011
2025-07-24T02:20:11.1865429Z,Buy,20.20,1
2025-07-24T02:20:11.1965429Z,Buy,20.19,1
2025-07-24T02:20:11.2065429Z,Buy,20.19,1
2025-07-24T02:20:11.2165429Z,Buy,20.19,584
2025-07-24T02:20:11.2165429Z,Buy,20.19,1
2025-07-24T02:20:11.2265429Z,Buy,20.19,156
2025-07-24T02:20:11.2265429Z,Buy,20.20,1996
2025-07-24T02:20:11.2265429Z,Buy,20.20,1
2025-07-24T02:20:11.2365429Z,Buy,20.20,839
2025-07-24T02:20:11.2365429Z,Buy,20.20,1
2025-07-24T02:20:11.2465429Z,Buy,20.20,1
2025-07-24T02:20:11.2565429Z,Buy,20.20,1
2025-07-24T02:20:11.2665429Z,Sell,20.19,287
2025-07-24T02:20:11.2665429Z,Sell,20.18,144
2025-07-24T02:20:11.2665429Z,Buy,20.20,1
2025-07-24T02:20:11.2765429Z,Sell,20.18,576
2025-07-24T02:20:11.2765429Z,Buy,20.20,1
2025-07-24T02:20:11.2865429Z,Buy,20.20,1
2025-07-24T02:20:11.2965429Z,Buy,20.20,601
2025-07-24T02:20:11.2965429Z,Buy,20.20,1
2025-07-24T02:20:11.3065429Z,Buy,20.20,1
2025-07-24T02:20:11.3165429Z,Buy,20.20,1
2025-07-24T02:20:11.3265429Z,Buy,20.20,264
2025-07-24T02:20:11.3265429Z,Buy,20.20,1
2025-07-24T02:20:11.3365429Z,Sell,20.19,483
2025-07-24T02:20:11.3365429Z,Buy,20.20,1
2025-07-24T02:20:11.3465429Z,Sell,20.19,289
2025-07-24T02:20:11.3465429Z,Buy,20.20,1
2025-07-24T02:20:11.3565429Z,Buy,20.20,1
2025-07-24T02:20:11.3665429Z,Buy,20.20,1
2025-07-24T02:20:11.3765429Z,Sell,20.19,1733
2025-07-24T02:20:11.3765429Z,Buy,20.20,1
2025-07-24T02:20:11.3865429Z,Buy,20.20,1
2025-07-24T02:20:11.3965429Z,Sell,20.19,12
2025-07-24T02:20:11.3965429Z,Sell,20.19,730
2025-07-24T02:20:11.3965429Z,Sell,20.19,909
2025-07-24T02:20:11.3965429Z,Buy,20.20,1
2025-07-24T02:20:11.4065429Z,Buy,20.20,193
2025-07-24T02:20:11.4065429Z,Buy,20.20,1
2025-07-24T02:20:11.4165429Z,Buy,20.20,1
2025-07-24T02:20:11.4265429Z,Buy,20.20,1
2025-07-24T02:20:11.4365429Z,Buy,20.20,1
2025-07-24T02:20:11.4465429Z,Buy,20.20,1
2025-07-24T02:20:11.4565429Z,Sell,20.19,522
2025-07-24T02:20:11.4565429Z,Sell,20.19,55
2025-07-24T02:20:11.4565429Z,Buy,20.20,1
2025-07-24T02:20:11.4665429Z,Buy,20.20,1
2025-07-24T02:20:11.4765429Z,Buy,20.20,1
2025-07-24T02:20:11.4865429Z,Sell,20.19,668
2025-07-24T02:20:11.4865429Z,Buy,20.20,1
2025-07-24T02:20:11.4965429Z,Buy,20.20,1
2025-07-24T02:20:11.5065429Z,Buy,20.20,1
2025-07-24T02:20:11.5165429Z,Buy,20.20,1
2025-07-24T02:20:11.5265429Z,Buy,20.20,765
2025-07-24T02:20:11.5265429Z,Buy,20.20,629
2025-07-24T02:20:11.5265429Z,Buy,20.20,1
2025-07-24T02:20:11.5365429Z,Buy,20.20,1
2025-07-24T02:20:11.5465429Z,Sell,20.19,209
2025-07-24T02:20:11.5465429Z,Sell,20.19,1392
2025-07-24T02:20:11.5465429Z,Buy,20.20,1
2025-07-24T02:20:11.5565429Z,Buy,20.20,1
2025-07-24T02:20:11.5665429Z,Buy,20.20,1
2025-07-24T02:20:11.5765429Z,Buy,20.20,717
2025-07-24T02:20:11.5765429Z,Buy,20.20,1
2025-07-24T02:20:11.5865429Z,Buy,20.20,1
2025-07-24T02:20:11.5965429Z,Buy,20.20,1
2025-07-24T02:20:11.6065429Z,Buy,20.20,2066
2025-07-24T02:20:11.6065429Z,Buy,20.20,365
2025-07-24T02:20:11.6065429Z,Buy,20.20,1
2025-07-24T02:20:11.6165429Z,Buy,20.20,1
2025-07-24T02:20:11.6265429Z,Sell,20.19,1358
2025-07-24T02:20:11.6265429Z,Buy,20.20,1
2025-07-24T02:20:11.6365429Z,Buy,20.20,170
2025-07-24T02:20:11.6365429Z,Buy,20.20,1
2025-07-24T02:20:11.6465429Z,Sell,20.19,1263
2025-07-24T02:20:11.6465429Z,Buy,20.20,1
2025-07-24T02:20:11.6565429Z,Sell,20.19,1288
2025-07-24T02:20:11.6565429Z,Buy,20.20,1
2025-07-24T02:20:11.6665429Z,Buy,20.20,591
2025-07-24T02:20:11.6665429Z,Buy,20.20,460
2025-07-24T02:20:11.6665429Z,Buy,20.20,3034
2025-07-24T02:20:11.6665429Z,Buy,20.20,1
2025-07-24T02:20:11.6765429Z,Buy,20.20,1
2025-07-24T02:20:11.6865429Z,Buy,20.20,3596
